2386 3645
2005 292 2115 333 1623

321 495 608 551 colligendum
638 499 680 537 et
709 495 938 536 levandum
969 510 1108 536 coram
1138 494 1447 537 constabulario
1477 499 1619 538 nostro
1649 497 1693 538 in
1725 497 1926 539 scaccario
1956 501 2097 539 nostro
2118 498 2170 540 de

320 586 393 628 ΚΑ
400 601 507 628 Rnrr
524 585 837 643 [juramentum
850 584 1125 641 presta]bunt
1137 588 1263 640 prout
1276 586 1327 627 de
1341 586 1528 641 antiquis
1540 586 1630 628 fieri
1644 595 1961 630 consueverunt.
1986 587 2045 629 Et
2059 588 2172 643 quod

321 678 547 719 decedente
588 676 728 731 aliquo
768 675 1043 717 aldermanno
1083 675 1196 716 infra
1231 675 1417 731 burgum
1450 677 1686 732 predictum
1720 677 1877 719 residui
1911 678 2174 720 aldermanni

320 768 562 823 superstites
582 768 687 808 duos
708 766 774 807 vel
795 765 927 807 alium
946 766 998 807 de
1020 766 1155 821 magis
1175 765 1478 808 sufficientibus
1497 770 1539 808 et
1559 766 1869 809 discretioribus
1895 767 2176 822 burgensibus

320 857 447 913 burgi
476 857 610 899 nostri
639 856 818 912 predicti
847 856 937 898 loco
970 871 1044 898 suo
1077 856 1240 912 eligant
1276 861 1317 898 et
1357 872 1426 898 eos
1466 857 1534 898 vel
1564 872 1661 899 eum
1690 858 1999 900 constabulario
2029 862 2170 901 nostro

320 949 371 989 de
422 947 606 989 KARDIF
650 962 726 1002 pro
769 949 957 1001 tempore
1000 946 1206 988 existente
1241 951 1485 1002 presentent
1530 948 1603 1003 qui
1647 963 1786 990 coram
1830 949 1919 1004 ipso
1965 953 2169 1004 tanquam

318 1038 486 1094 Majore
526 1039 611 1079 duo
642 1036 945 1093 pr[est]abunt
977 1037 1043 1078 vel
1078 1036 1329 1093 [prest]abit
1359 1039 1484 1080 modo
1515 1039 1766 1094 supradicto.
1858 1039 1913 1081 In
1953 1039 2074 1095 cujus
2112 1039 2173 1081 rei

317 1129 608 1171 testimonium
632 1128 730 1169 huic
757 1128 943 1183 presenti
970 1132 1082 1170 carte
1113 1128 1353 1170 donationis
1384 1132 1425 1170 et
1455 1130 1785 1172 confirmationis
1814 1133 1954 1172 nostre
1985 1130 2174 1186 sigillum

320 1219 565 1262 cancellarie
601 1223 740 1261 nostre
775 1219 827 1260 de
870 1218 1053 1260 KERDIF
1097 1220 1381 1274 apposuimus.
1455 1220 1558 1262 Hiis
1602 1220 1780 1262 testibus
1818 1255 1826 1263 .
1864 1220 2173 1263 venerabilibus

315 1310 416 1351 viris
436 1309 638 1351 Lmsmo
660 1309 812 1351 abbate
835 1310 886 1351 de
909 1309 1077 1352 NEETH
1100 1344 1108 1352 .
1133 1309 1390 1353 WILLELMO
1411 1310 1563 1353 abbate
1598 1312 1650 1353 de
1686 1311 1894 1353 MARGAM
1918 1345 1927 1354 .
1950 1311 1979 1354 J
1982 1325 2168 1352 OHANNE

316 1400 606 1443 STRAnLrNGE
650 1434 658 1442 .
701 1403 804 1442 tunc
845 1401 1079 1442 vicecomiti
1119 1404 1260 1443 nostre
1306 1401 1665 1443 GLAMORGANCIE
1699 1405 1742 1443 et
1773 1401 2047 1443 MORGANCIE
2086 1435 2094 1443 .
2129 1404 2171 1443 et

321 1490 525 1532 OLIVERO
557 1491 610 1532 de
640 1490 812 1533 SANCTO
842 1491 1061 1533 JOHANNE
1093 1491 1300 1533 militibus
1337 1524 1345 1533 .
1383 1492 1603 1534 JoHANNE
1639 1492 1872 1534 MERBURY
1910 1528 1918 1534 .
1953 1491 2170 1534 JOHANNE

319 1580 522 1623 RUSSELL
545 1615 553 1623 .
577 1580 790 1623 ROBERTO
809 1581 1022 1623 ANDREW
1045 1615 1053 1623 .
1076 1581 1106 1623 J
1108 1596 1295 1624 OHANNE
1326 1582 1573 1624 LAURENCE
1604 1616 1614 1625 .
1649 1586 1692 1625 et
1727 1582 1937 1625 Rossmro
1968 1582 2172 1624 WALsHE

318 1671 551 1728 armigeris.

374 1762 537 1806 Datum
559 1763 687 1804 tercio
707 1762 869 1804 decimo
895 1762 962 1804 die
989 1762 1018 1805 J
1021 1763 1113 1805 unii
1138 1778 1249 1805 anno
1274 1764 1397 1820 regni
1423 1763 1557 1820 Regis
1584 1764 1789 1806 HENRICI
1818 1763 1926 1806 sexti
1955 1766 2049 1819 post
2076 1778 2172 1804 con-

317 1856 513 1908 questum
535 1853 685 1909 primo.
753 1852 925 1910 [1423]

288 1943 381 1985 Nos
417 1947 560 1985 autem
587 1944 837 1986 donationes
865 1945 1147 1987 concessiones
1175 1945 1476 1987 ratificationes
1511 1950 1552 1987 et
1587 1945 1925 1987 confirmationes
1957 1944 2165 2000 predictas

230 2016 277 2076 ac
313 2035 457 2076 omnia
490 2035 573 2076 alia
606 2039 648 2076 et
681 2035 851 2090 singula
882 2035 928 2076 in
950 2035 1074 2077 cartis
1096 2039 1138 2077 et
1158 2036 1291 2077 literis
1311 2036 1510 2091 predictis
1531 2039 1749 2077 contentas
1769 2039 1882 2077 ratas
1902 2034 2105 2076 habentes
2126 2037 2168 2076 et

228 2128 372 2182 gratas
393 2141 462 2167 eas
482 2140 556 2180 pro
579 2125 700 2167 nobis
720 2130 762 2167 et
792 2126 1018 2168 heredibus
1051 2131 1092 2168 et
1121 2126 1421 2168 successoribus
1448 2126 1602 2168 nostris
1629 2129 1838 2181 quantum
1874 2126 1919 2168 in
1956 2125 2077 2167 nobis
2108 2127 2170 2166 est

227 2220 492 2271 acceptamus
530 2215 810 2271 approbamus
840 2217 1098 2259 ratificamus
1128 2222 1169 2258 et
1200 2217 1496 2259 confirmamus
1524 2220 1650 2273 prout
1675 2219 1787 2258 carte
1814 2221 1955 2258 nostre
1983 2215 2168 2270 predicte

227 2306 538 2348 rationabiliter
575 2309 799 2349 testantur.
880 2307 941 2349 Et
979 2311 1169 2363 preterea
1208 2323 1284 2349 nos
1324 2307 1532 2363 siquidem
1572 2307 1881 2349 considerantes
1921 2305 2168 2347 fidelitatem

225 2412 428 2452 magnam
449 2397 748 2453 integrumque
771 2412 956 2439 amorem
979 2413 1105 2453 quem
1124 2398 1280 2453 prefati
1312 2397 1542 2453 burgenses
1576 2412 1677 2452 erga
1711 2412 1787 2439 nos
1819 2400 1862 2438 et
1893 2401 2169 2438 antecessores

226 2490 390 2529 nostros
440 2488 638 2530 continue
678 2487 920 2530 habuerunt
961 2492 1003 2530 et
1043 2488 1225 2543 qualiter
1264 2488 1345 2543 ipsi
1374 2488 1419 2529 in
1455 2487 1845 2529 manifestationem
1880 2486 2096 2528 fidelitatis
2128 2490 2169 2526 et

226 2579 379 2620 amoris
399 2578 646 2635 hujusmodi
666 2579 971 2634 profectionem
992 2582 1033 2621 et
1055 2579 1405 2621 sustentationem
1435 2578 1582 2620 villam
1611 2581 1799 2620 nostram
1826 2578 2057 2633 predictam
2078 2580 2166 2618 tam

215 2668 262 2710 in
291 2669 424 2710 muris
456 2669 643 2711 turribus
678 2670 810 2724 portis
850 2677 892 2711 et
931 2670 1099 2712 fossatis
1135 2684 1262 2725 quam
1301 2670 1424 2710 aliter
1464 2684 1550 2710 non
1591 2669 1748 2723 absque
1788 2683 1932 2710 eorum
1972 2667 2167 2709 maximis

225 2758 440 2801 laboribus
482 2759 668 2801 custibus
709 2763 751 2801 et
792 2760 984 2815 expensis
1017 2760 1106 2815 jam
1147 2761 1266 2802 tarde
1307 2760 1491 2801 multum
1526 2759 1798 2801 laudabiliter
1839 2758 2166 2800 fortificaverunt

223 2851 474 2891 munierunt
525 2854 566 2891 et
616 2858 820 2905 pararunt
872 2851 985 2892 unde
1025 2865 1198 2905 gravem
1239 2850 1580 2906 indignationem
1621 2851 1849 2904 odiumque
1890 2848 1942 2890 ab
1984 2847 2167 2889 externis

223 2940 578 2983 commorantibus
598 2941 774 2982 diversis
793 2941 929 2982 modis
947 2940 1188 2982 habuerunt
1209 2944 1251 2982 et
1271 2941 1539 2982 incurrerunt
1559 2944 1601 2982 et
1622 2941 1679 2982 sic
1699 2940 1857 2981 habent
1878 2943 1918 2979 et
1946 2939 2167 2979 incurrunt

224 3032 276 3073 de
315 3031 500 3086 presenti
540 3030 811 3085 volentesque
851 3030 1024 3085 perinde
1057 3031 1167 3086 ipsos
1199 3045 1274 3085 pro
1308 3031 1468 3073 meritis
1501 3031 1586 3073 suis
1614 3030 1658 3072 in
1696 3030 1772 3071 hac
1805 3031 1924 3084 parte
1959 3028 2166 3083 condigne
