2386 3645
279 250 390 292 1592

306 455 605 499 WILLELMUM
627 455 816 498 THoMAs
836 455 1064 498 extiterant
1079 454 1258 506 liberati,
1281 455 1478 511 idemque
1499 454 1741 498 JOHANNES
1761 470 1815 511 ap
1829 455 1922 497 RES
1938 454 2154 498 abbatiam

303 546 537 602 predictam
566 549 722 588 extunc
741 546 976 588 manuforti
996 545 1181 588 detinuit
1202 548 1245 587 et
1265 546 1322 587 sic
1342 546 1505 588 detinet
1523 546 1569 587 in
1590 546 1775 601 presenti
1793 546 1840 587 in
1860 545 1996 587 divini
2018 546 2154 589 cultus

304 636 674 678 deterioracionem
704 636 942 692 prefatique
972 635 1220 679 WILLELMI
1252 635 1407 678 Monvs
1428 635 1628 691 injuriam
1660 636 1894 691 dampnum
1924 639 1966 678 et
1995 637 2153 692 depau-

301 726 565 781 peracionem
585 741 748 768 necnon
768 725 932 782 prefate
952 724 1119 768 abbatie
1135 725 1514 768 adnichilacionem
1529 728 1571 767 et
1587 725 1893 767 desolacionem
1909 726 2156 768 manifestas

301 819 350 858 ut
371 816 621 872 accepimus,
662 818 776 859 unde
816 817 930 859 idem
970 816 1255 860 WILLELMUS
1294 815 1416 858 nobis
1454 815 1673 858 humiliter
1712 816 1965 871 supplicavit
1999 816 2079 859 sibi
2114 820 2157 860 et

302 905 469 948 abbatie
490 906 676 961 predicte
700 907 751 948 de
771 907 957 949 remedio
973 921 1159 962 congruo
1172 906 1217 947 in
1233 906 1311 948 hac
1323 908 1443 961 parte
1455 906 1686 962 providere.
1749 906 1840 948 Nos
1855 907 2156 962 supplicacioni

300 1011 374 1039 sue
422 996 664 1052 hujusmodi
703 997 748 1039 in
790 1000 998 1052 quantum
1038 1011 1134 1039 cum
1168 997 1340 1052 justicia
1378 998 1610 1053 poterimus
1648 997 1929 1052 equanimiter
1961 997 2155 1040 inclinati

303 1087 492 1129 volentes
554 1087 858 1143 indempnitati
918 1089 961 1129 et
1020 1086 1272 1129 relevacioni
1320 1087 1424 1129 dicti
1473 1087 1641 1130 abbatie
1689 1091 1829 1130 nostre
1879 1089 1931 1131 de
1981 1088 2153 1132 STRATA

303 1178 507 1220 FLORIDA
550 1193 604 1220 ne
653 1178 823 1220 divinus
871 1178 1010 1220 cultus
1053 1176 1160 1219 inibi
1201 1178 1399 1234 depereat
1443 1181 1517 1220 aut
1561 1179 1645 1220 alia
1689 1179 1956 1222 incommoda
1985 1183 2156 1235 propter

299 1268 592 1311 contenciones
640 1268 848 1324 predictas
895 1268 1093 1310 eveniant
1132 1269 1186 1310 ad
1226 1269 1403 1311 eandem
1442 1269 1578 1324 ipsam
1617 1268 1833 1312 abbatiam
1862 1285 1910 1312 ac
1938 1270 2156 1327 religiosos

299 1358 491 1415 ejusdem
530 1359 689 1401 ibidem
728 1358 822 1401 Deo
860 1358 1120 1401 famulantes
1150 1361 1192 1400 et
1222 1358 1503 1401 famulaturos
1542 1374 1706 1402 necnon
1737 1360 1879 1402 omnia
1908 1363 1952 1402 et
1985 1360 2156 1417 singula

299 1452 433 1491 terras
481 1452 725 1492 tenementa
772 1449 964 1492 redditus
1011 1464 1077 1491 res
1125 1448 1237 1491 bona
1285 1450 1440 1492 catalla
1489 1452 1533 1491 et
1581 1450 1859 1506 possessiones
1907 1465 2156 1507 quecunque

302 1541 357 1582 ad
378 1541 556 1582 eandem
581 1539 796 1582 abbatiam
826 1539 1086 1595 pertinencia
1116 1540 1203 1582 sive
1233 1540 1471 1596 spectancia
1501 1540 1784 1596 pendentibus
1814 1541 1889 1584 lite
1918 1544 1961 1584 et
1991 1546 2155 1585 contro-

299 1631 435 1673 versia
469 1631 580 1674 inter
610 1631 820 1687 predictos
850 1630 1149 1675 WILLELMUM
1189 1634 1232 1674 et
1270 1631 1300 1674 J
1303 1645 1525 1674 OHANNEM
1566 1631 1739 1675 abbates
1778 1647 1820 1675 se
1860 1635 2157 1689 pretendentes

302 1722 545 1765 indiscussis
579 1722 625 1764 in
665 1723 973 1778 proteccionem
1013 1722 1241 1765 tuicionem
1277 1725 1320 1764 et
1359 1723 1649 1766 defensionem
1698 1726 1862 1766 nostras
1899 1725 2156 1780 suscepimus

304 1812 514 1869 speciales,
537 1812 733 1856 omnibus
753 1815 796 1856 et
816 1813 996 1869 singulis
1016 1812 1256 1856 inhibentes
1275 1828 1329 1855 ne
1346 1813 1440 1869 quis
1461 1813 1628 1856 abbatie
1649 1814 1836 1870 predicte
1856 1818 1930 1872 aut
1949 1815 2157 1871 religiosis

296 1903 456 1946 ibidem
486 1903 579 1946 Deo
610 1903 889 1947 servientibus
919 1907 960 1946 et
982 1904 1198 1946 servituris
1218 1904 1341 1946 terris
1362 1905 1615 1947 tenementis
1634 1904 1871 1947 redditibus
1891 1905 2016 1948 rebus
2035 1905 2157 1949 bonis

302 1994 464 2037 catallis
484 1997 558 2037 aut
579 1994 793 2050 aliquibus
812 1995 1140 2051 possessionibus
1160 1996 1215 2037 ad
1235 1996 1414 2037 eandem
1428 1995 1714 2051 spectantibus
1735 1996 1822 2038 sive
1843 1996 2154 2052 pertinentibus

298 2085 504 2142 injuriam
524 2086 762 2128 molestiam
782 2087 1016 2142 dampnum
1037 2086 1278 2142 aliqualiter
1297 2087 1456 2129 inferat
1473 2102 1545 2129 seu
1565 2102 1809 2144 gravamen,
1831 2102 1908 2130 nec
1928 2088 2155 2144 quicquam

300 2176 419 2219 aliud
439 2176 598 2219 ibidem
619 2178 733 2232 quod
752 2177 798 2219 in
819 2177 932 2233 pacis
951 2180 1092 2220 nostre
1112 2178 1315 2221 lesionem
1336 2179 1482 2221 cedere
1503 2178 1643 2220 valeat
1673 2178 1804 2221 faciat
1833 2179 1901 2221 vel
1931 2181 2157 2236 attemptet

302 2268 450 2323 quovis
488 2268 614 2310 modo
653 2267 731 2311 sub
770 2283 880 2324 pena
929 2269 1241 2325 indignacionis
1280 2273 1421 2312 nostre
1463 2303 1471 2311 .
1515 2269 1575 2312 Et
1616 2285 1692 2325 pro
1741 2270 1896 2326 majori
1936 2271 2158 2314 securitate

301 2358 493 2415 ejusdem
524 2358 691 2402 abbatie
732 2359 1172 2416 pertinenciarumque
1212 2376 1384 2403 suarum
1428 2376 1592 2404 necnon
1631 2361 1926 2417 religiosorum
1964 2362 2157 2418 ejusdem

299 2449 459 2492 ibidem
507 2449 601 2492 Deo
649 2450 926 2495 serviencium
975 2454 1018 2494 et
1066 2452 1381 2504 serviturorum,
1430 2454 1480 2494 ut
1528 2452 1609 2508 ipsi
1659 2467 1706 2495 eo
1756 2453 1940 2496 securius
1988 2453 2158 2496 valeant

300 2539 460 2583 ibidem
493 2541 649 2583 morari
682 2544 724 2583 et
760 2542 1042 2597 omnipotenti
1082 2542 1175 2585 Deo
1211 2543 1397 2598 quiecius
1430 2542 1643 2595 famulari,
1673 2543 1958 2586 commisimus
1997 2543 2161 2587 dilectis

301 2630 423 2674 nobis
461 2631 507 2673 in
548 2631 745 2674 CHRISTO
785 2631 951 2674 ΤΗΟΜΕ
991 2632 1136 2675 abbati
1184 2634 1236 2676 de
1286 2633 1487 2676 MORGAN
1528 2633 1795 2676 reformatori
1844 2634 1948 2676 dicti
1988 2633 2161 2677 Ordinis

303 2721 637 2764 OISTERCIENSIS
695 2722 740 2764 in
791 2723 984 2779 partibus
1033 2723 1228 2768 WALLIE
1278 2727 1320 2767 et
1369 2724 1521 2767 DAvm
1566 2724 1710 2767 abbati
1752 2725 1804 2767 de
1853 2723 2158 2768 WHITELOND'

301 2813 526 2855 antedictis
576 2813 810 2856 custodiam
857 2814 1051 2871 regimen
1100 2817 1143 2857 et
1192 2814 1550 2871 gubernacionem
1614 2815 1725 2858 dicte
1789 2814 1957 2857 abbatie
2017 2818 2158 2858 nostre

298 2904 351 2946 de
379 2903 555 2946 STRATA
584 2904 790 2946 FLORIDA
822 2919 871 2947 ac
904 2905 1097 2948 omnium
1128 2908 1336 2948 terrarum
1368 2908 1707 2949 tenementorum
1741 2905 1986 2948 reddituum
2017 2920 2159 2948 rerum

302 2993 509 3037 bonorum
540 2995 787 3038 catallorum
817 2999 860 3038 et
891 2996 1200 3052 possessionum
1228 3011 1574 3052 quorumcunque
1602 2996 1914 3052 pertinencium
1933 2996 2020 3038 sive
2041 3011 2155 3052 spec-
