2386 3645
1964 290 2072 332 1371

188 482 437 524 occidentali
477 486 519 524 et
557 485 715 525 terram
756 482 890 524 Hom,
929 499 984 539 ap
1025 484 1263 542 M[Etrm]c
1293 502 1345 529 ex
1376 492 1495 543 parte
1525 492 1713 534 australi.
1789 493 2053 537 Habendum
2085 499 2129 538 et

185 573 418 614 tenendum
447 587 591 615 omnes
618 573 826 628 predictas
853 576 985 616 terras
1012 576 1201 630 predicto
1231 576 1481 621 LEWELINO
1509 595 1563 635 ap
1592 580 1622 623 J
1626 595 1745 623 EVAN
1771 586 1812 624 et
1832 583 2055 628 heredibus
2076 587 2128 629 de

186 677 356 719 corpore
377 679 450 706 suo
470 664 662 720 legitime
692 664 920 720 procreatis
951 665 1003 707 de
1031 667 1203 721 capitali
1233 668 1406 711 domino
1431 669 1548 712 feodi
1568 686 1642 726 per
1669 672 1860 715 redditus
1882 677 1922 716 et
1955 676 2127 719 servicia

185 753 287 795 inde
307 753 451 796 debita
471 757 513 796 et
534 755 586 796 de
606 754 701 810 jure
722 758 934 797 consueta.
995 755 1056 798 Et
1078 756 1112 798 si
1134 758 1356 814 contiggat
1381 759 1467 815 (sie)
1489 762 1602 816 quod
1621 762 1834 817 predictus
1854 763 2128 809 LEWELINUS

187 844 338 887 obierit
365 845 455 888 sine
479 845 704 888 heredibus
734 847 786 888 de
815 861 986 902 corpore
1012 847 1205 903 legitime
1230 851 1459 904 proceratis
1479 853 1571 907 (sie)
1597 855 1700 895 tuno
1720 854 1816 897 volo
1841 853 1926 911 [et]
1951 858 2129 899 concedo

185 950 332 978 omnes
360 935 568 991 predictas
587 939 720 979 terras
749 938 836 992 (sie)
869 942 1120 982 remaneant
1147 939 1303 982 Dum
1331 957 1385 997 ap
1413 942 1443 985 J
1446 956 1567 985 EVAN
1595 943 1797 986 VAGHAN
1819 961 1872 1001 ap
1901 946 1929 988 J
1934 960 2052 988 EVAN
2078 962 2131 1003 ap

186 1025 409 1070 WILLIAM
436 1025 521 1083 [et]
547 1027 772 1070 heredibus
797 1029 850 1071 de
882 1044 1052 1085 corpore
1082 1045 1157 1072 suo
1181 1031 1373 1087 legitime
1401 1035 1629 1089 procreatis
1652 1035 1783 1078 libere
1804 1037 1944 1091 quiete
1963 1036 2070 1079 bene
2090 1041 2132 1081 et

184 1116 230 1159 in
251 1132 353 1173 pace
374 1132 449 1172 per
468 1118 661 1160 redditus
681 1121 723 1160 et
744 1119 919 1161 servicia
939 1120 1039 1163 inde
1061 1120 1205 1163 debita
1226 1124 1269 1165 et
1290 1124 1342 1165 de
1362 1123 1459 1179 jure
1479 1128 1688 1168 consueta.
1752 1125 1811 1168 Et
1841 1127 1876 1169 si
1907 1127 2129 1184 contiggat

191 1208 277 1263 (sic)
296 1210 409 1264 quod
424 1209 638 1265 predictus
659 1210 815 1252 Dum
832 1211 922 1253 sine
937 1211 979 1253 h.
996 1213 1038 1254 d.
1053 1228 1086 1254 c.
1103 1227 1132 1254 s.
1152 1213 1179 1255 1.
1199 1228 1239 1269 p.
1259 1214 1409 1257 obierit
1426 1219 1529 1258 tunc
1545 1231 1690 1259 omnes
1708 1218 1894 1272 predicte
1912 1221 2021 1261 terre
2037 1234 2131 1262 cum

186 1299 383 1342 omnibus
403 1300 490 1342 suis
509 1300 782 1356 pertinenciis
802 1306 1052 1345 remaneant
1073 1303 1103 1346 J
1106 1318 1255 1346 EvANo
1277 1320 1330 1361 ap
1352 1305 1507 1348 DAvm
1529 1322 1582 1363 ap
1603 1307 1633 1350 J
1636 1322 1751 1350 EVAN
1774 1324 1827 1364 ap
1850 1308 2071 1352 WILLIAM
2091 1312 2135 1353 et

186 1390 228 1432 h.
245 1391 286 1433 d.
303 1406 336 1433 c.
352 1406 383 1433 s.
400 1391 427 1434 1.
443 1407 484 1447 p.
502 1391 633 1435 libere
650 1393 790 1448 quiete
803 1392 911 1435 bene
925 1397 969 1436 et
988 1394 1034 1436 in
1050 1410 1152 1451 pace
1173 1411 1248 1452 per
1267 1397 1458 1440 redditus
1479 1401 1521 1440 et
1541 1399 1715 1442 servicia
1735 1399 1835 1442 inde
1855 1400 1998 1443 debita
2019 1404 2060 1442 et
2080 1401 2132 1443 de

184 1481 281 1538 jure
316 1486 528 1525 consueta.
591 1483 652 1526 Et
686 1499 766 1540 ego
799 1500 897 1527 vero
930 1487 1144 1541 predictus
1178 1487 1208 1530 J
1211 1503 1332 1530 EVAN
1364 1488 1567 1532 VAGHAN
1603 1493 1646 1532 et
1675 1490 1848 1534 heredes
1875 1492 1960 1533 mei
1990 1506 2134 1534 omnes

183 1574 394 1630 predictas
420 1577 554 1617 terras
579 1589 675 1617 cum
703 1575 788 1618 suis
814 1576 1084 1632 pertinentiis
1112 1579 1300 1633 predicto
1328 1579 1578 1623 LEWELINO
1608 1595 1661 1636 ap
1692 1580 1721 1623 J
1724 1595 1844 1623 EVAN
1866 1581 2067 1625 VAGHAN
2089 1585 2131 1624 et

185 1665 226 1708 h.
245 1667 285 1708 d.
303 1681 337 1708 c.
357 1681 387 1708 s.
406 1667 434 1708 l.
452 1681 493 1722 p.
509 1666 545 1708 si
566 1667 652 1709 sint
669 1701 677 1709 .
697 1667 763 1709 sin
784 1670 928 1710 autem
949 1668 1062 1711 dicto
1084 1668 1240 1712 DAvn)
1262 1685 1315 1726 ap
1337 1670 1367 1713 J
1371 1685 1491 1713 EVAN
1513 1671 1715 1714 VAGHAN
1737 1675 1780 1714 et
1799 1671 1840 1714 h.
1864 1673 1904 1714 d.
1928 1687 1959 1714 c.
1984 1687 2013 1715 s.
2037 1673 2063 1715 l.
2087 1687 2128 1728 p.

183 1730 224 1799 si·
247 1757 333 1799 sint
356 1791 364 1799 .
387 1757 453 1799 sin
481 1761 626 1800 autem
651 1758 764 1800 dicto
791 1758 820 1801 J
824 1773 945 1800 EVAN
971 1774 1024 1815 ap
1055 1759 1211 1802 Dum
1239 1765 1280 1802 et
1308 1761 1350 1803 h.
1374 1763 1413 1804 d.
1439 1777 1471 1803 0.
1495 1777 1526 1804 s.
1549 1763 1575 1804 l.
1600 1778 1641 1818 p.
1667 1763 1700 1804 si
1732 1764 1816 1805 sint
1849 1797 1857 1804 .
1891 1763 1955 1805 sin
1986 1767 2129 1806 autem

181 1848 306 1891 rectis
345 1847 570 1891 heredibus
610 1849 714 1891 dicti
754 1849 784 1892 J
788 1864 910 1892 EVAN
951 1850 1153 1894 VAGHAN
1200 1856 1346 1894 cont-ra
1386 1867 1530 1895 omnes
1575 1856 1724 1909 gentes
1762 1854 2129 1897 warantizabimus

183 1940 512 1996 imperpetuum.
575 1939 631 1983 In
657 1941 780 1997 cujus
800 1942 862 1984 rei
886 1942 1179 1985 testimonium
1198 1943 1297 1986 huic
1317 1944 1501 1999 presenti
1522 1947 1634 1987 carte
1654 1959 1745 1987 mee
1775 1945 1964 2000 sigillum
1985 1959 2128 1987 meum

179 2032 370 2087 apposui.
434 2030 537 2074 Hiis
557 2031 737 2074 testibus
769 2067 777 2074 .
811 2032 841 2076 J
843 2047 993 2075 EVANO
1013 2033 1216 2076 VAGHAN
1238 2050 1292 2090 ap
1313 2035 1342 2077 J
1346 2049 1466 2077 EVAN
1487 2051 1541 2091 ap
1563 2035 1685 2078 REES
1714 2069 1722 2077 .
1755 2035 1784 2078 J
1788 2050 1907 2077 EVAN
1930 2035 2124 2078 GETHYN

179 2137 233 2178 ap
274 2121 342 2164 LL
353 2121 615 2179 [EWELLYN]
646 2156 654 2164 .
678 2122 707 2166 J
711 2137 832 2165 EVAN
873 2139 927 2180 ap
972 2124 1126 2166 DAvm
1172 2140 1225 2180 ap
1266 2125 1295 2167 J
1298 2140 1418 2167 EVAN
1460 2141 1513 2181 ap
1553 2125 1775 2170 WILLIAM
1818 2160 1825 2168 .
1868 2126 1897 2169 J
1901 2141 2019 2168 EVAN
2071 2141 2125 2182 ap

179 2212 472 2270 GR[UFF1TH]
517 2229 570 2269 ap
613 2214 835 2258 WILLIAM
880 2250 887 2257 .
924 2215 1217 2272 GR[UFF1TH]
1262 2232 1313 2272 ap
1356 2216 1571 2273 M[A1>0]c
1611 2232 1663 2273 ap
1704 2218 1734 2260 J
1738 2232 1857 2260 EVAN
1897 2251 1905 2260 .
1948 2222 1990 2260 et
2030 2218 2124 2260 aliis

180 2303 372 2346 testibus

236 2394 400 2437 Datum
421 2396 535 2451 apud
565 2395 862 2460 KELLICnRON
893 2398 962 2440 die
994 2397 1119 2440 Lune
1149 2402 1248 2440 ante
1278 2399 1435 2440 festum
1466 2397 1612 2441 Sancti
1643 2398 1837 2441 GEORGH
1861 2414 1972 2441 anno
1999 2400 2122 2455 regni

175 2485 310 2542 Regis
331 2485 529 2529 RmARm
551 2488 724 2531 secundi
745 2493 840 2544 post
862 2492 1141 2544 conquestum
1162 2496 1313 2531 x11Jm0·

1158 2562 1312 2592 william.

559 2852 722 2921 Lleuielin.
1170 2892 1283 2921 David.
1461 2892 1576 2922 Jevan.
