2386 3645
348 305 459 346 1284

1159 622 1345 666 MVIII.

278 733 655 781 QUIT-OLAIM
724 732 810 775 BY
879 730 1134 774 THOMAS
1211 729 1487 772 D'AVENE
1557 728 1632 770 ΤΟ
1703 727 2065 771 LLEWELYN
2133 730 2215 772 ΑΡ

417 824 620 868 DAVID
692 823 828 875 ΘΟΕ,
899 822 977 865 OF
1046 820 1253 863 LANDS
1313 820 1447 862 AND
1518 818 1881 862 MESSUAGES
1941 819 2013 862 IN
2082 819 2212 862 THE

416 914 735 957 LORDSHIP
775 913 853 955 oF
894 911 1152 955 KILVEY.

1110 1018 1184 1074 [G.
1219 1017 1271 1060 G.
1305 1017 1380 1073 F]

1294 1109 1344 1149 11
1378 1108 1563 1150 MARCH.
1626 1109 1681 1149 26
1712 1107 1839 1150 Enw.
1872 1108 1964 1151 III.
2029 1110 2154 1152 1352.

326 1220 534 1263 Omnibus
575 1219 762 1262 Offlus'm
803 1217 998 1260 fidelibus
1032 1231 1203 1272 presens
1243 1215 1447 1270 seriptum
1487 1215 1638 1257 visuris
1678 1215 1745 1257 vel
1780 1215 1990 1258 audituris
2024 1216 2214 1261 THOMAS

264 1311 474 1354 ΒΑνΕΝΕ1
509 1310 705 1352 dominus
745 1310 797 1350 de
836 1307 1019 1350 KILVEY
1061 1307 1240 1349 salutem
1280 1306 1326 1347 in
1368 1306 1568 1348 Domino.
1629 1306 1847 1348 Noveritis
1886 1322 1964 1349 nos
2002 1308 2210 1350 remisisse

262 1402 470 1444 relaxasse
491 1404 534 1442 et
555 1400 728 1442 omnino
759 1413 834 1455 pro
855 1398 976 1440 nobis
993 1400 1036 1439 et
1059 1396 1286 1439 heredibus
1315 1397 1468 1438 nostris
1497 1411 1543 1437 ao
1565 1397 1789 1452 assignatis
1820 1397 2212 1451 quietumelamasse

261 1493 573 1548 imperpetuum
604 1490 865 1532 LEWELYNO
896 1504 949 1544 ap
980 1489 1132 1531 DAvm
1164 1487 1262 1530 Gon
1293 1503 1346 1542 ap
1372 1487 1400 1529 J
1405 1501 1525 1529 EVAN
1557 1502 1611 1543 ap
1642 1486 1796 1529 DAvu)
1825 1503 1878 1543 ap
1907 1487 2140 1531 LEWELYN
2171 1491 2213 1532 et

260 1583 485 1626 heredibus
500 1582 584 1624 suis
597 1597 644 1623 ao
660 1581 886 1637 assignatis
902 1583 1040 1622 totum
1055 1579 1126 1636 jus
1142 1582 1337 1621 nostrum
1352 1581 1393 1619 et
1409 1579 1616 1620 elameum
1631 1579 1743 1633 quod
1760 1578 1965 1620 habemus
1981 1580 2207 1623 habuimus

260 1690 333 1717 seu
350 1674 491 1729 aliquo
505 1674 629 1714 modo
644 1674 696 1714 de
710 1672 804 1728 jure
819 1671 972 1713 habere
988 1671 1204 1726 potuimus
1219 1685 1291 1711 seu
1307 1669 1540 1724 poterimus
1554 1669 1599 1710 in
1614 1668 1810 1711 omnibus
1823 1671 2073 1726 messuagiis
2086 1671 2210 1714 terris

259 1768 302 1807 et
325 1765 579 1806 tenementis
607 1763 738 1818 pratis
770 1766 810 1803 et
832 1762 960 1803 vastis
989 1762 1203 1816 quondam
1230 1759 1449 1802 Gmrmm
1472 1775 1525 1814 ap
1557 1759 1729 1801 MADOK
1751 1775 1804 1814 ap
1828 1759 2026 1802 GRIFFIN
2048 1761 2205 1817 ubique

258 1855 304 1897 in
339 1855 528 1896 dominio
564 1858 707 1895 nostro
743 1854 795 1894 de
829 1851 1025 1894 KILVEY.
1088 1850 1159 1892 Ita
1189 1851 1386 1892 videlieet
1417 1851 1529 1905 quod
1560 1865 1637 1891 neo
1667 1865 1743 1892 nos
1773 1851 1986 1906 predictus
2016 1851 2208 1895 THOMAS

258 1945 455 1988 DAVENE
492 1960 569 1986 neo
604 1944 778 1985 heredes
813 1943 946 1985 nostri
978 1958 1055 1984 neo
1089 1942 1243 1997 aliquis
1273 1957 1348 1997 per
1382 1956 1459 1983 nos
1493 1956 1568 1996 pro
1605 1941 1727 1983 nobis
1762 1957 1835 1983 seu
1864 1942 2036 1984 nomine
2065 1945 2209 1986 nostro

258 2037 427 2092 aliquod
462 2036 570 2092 juris
603 2036 670 2077 vel
706 2035 854 2077 elamei
887 2034 932 2075 in
965 2033 1164 2090 predictis
1202 2033 1452 2088 messuagiis
1483 2032 1606 2074 terris
1639 2035 1681 2074 et
1713 2033 1966 2075 tenementis
1998 2033 2130 2089 pratis
2165 2037 2208 2077 et

259 2128 388 2169 vastis
409 2142 505 2169 oum
526 2126 795 2182 pertinentiis
816 2141 887 2167 seu
908 2125 954 2166 in
975 2125 1118 2179 aliqua
1138 2126 1258 2180 parte
1279 2124 1507 2165 eorundem
1529 2124 1719 2165 deoetero
1747 2123 1915 2179 exigere
1936 2124 2117 2166 clamare
2137 2140 2212 2167 seu

259 2219 480 2261 vendicare
510 2218 709 2260 debemus
741 2221 815 2259 aut
842 2216 1074 2273 poterimus
1105 2217 1178 2258 sed
1208 2231 1283 2271 per
1312 2217 1526 2271 presentes
1567 2214 1667 2256 inde
1698 2215 1829 2256 simus
1861 2215 2020 2257 exclusi
2049 2215 2204 2271 imper-

259 2312 448 2365 petuum.
511 2308 567 2350 In
609 2308 730 2364 eujus
772 2307 830 2349 rei
869 2307 1161 2349 testimonium
1202 2306 1301 2348 huie
1349 2305 1536 2361 presenti
1576 2305 1966 2360 quieteolamaeioni
2016 2306 2208 2360 sigillum

261 2404 453 2442 nostrum
475 2386 758 2454 apposuimus.
820 2398 922 2440 Hiis
942 2397 1120 2439 testibus
1138 2432 1146 2440 .
1167 2397 1289 2439 REEs
1305 2412 1358 2452 ap
1376 2396 1582 2438 HOWELL
1599 2411 1651 2451 ap
1668 2396 1870 2438 MORGAN
1893 2430 1901 2439 .
1922 2396 2133 2439 ROBERTO
2154 2412 2207 2453 ap

262 2489 435 2533 GRUFF’
484 2490 667 2531 GETHIN
706 2522 714 2530 .
753 2487 1008 2531 WILLELMO
1052 2488 1157 2530 DUY
1197 2503 1250 2542 ap
1292 2487 1479 2529 Mssumc
1518 2486 1756 2530 VAUGHAN
1794 2520 1803 2528 .
1838 2486 2012 2530 MADOK
2045 2487 2162 2532 Von,
2195 2522 2204 2531 .

262 2580 436 2624 GRUFF’
460 2596 512 2636 ap
535 2580 687 2621 DAvm
709 2595 762 2635 ap
784 2579 1016 2621 LEWELYN
1042 2613 1049 2620 .
1074 2582 1117 2621 et
1137 2578 1284 2620 multis
1305 2578 1411 2620 aliis.

319 2672 482 2714 Datum
519 2674 561 2713 et
597 2670 836 2713 confectum
864 2671 979 2726 apud
1006 2670 1191 2713 Kmvm
1218 2704 1226 2712 .
1257 2669 1481 2712 undecimo
1507 2669 1575 2711 die
1602 2667 1752 2710 Martii
1784 2683 1896 2710 anno
1923 2669 2047 2725 regni
2072 2668 2208 2727 Regis

262 2761 489 2804 EowARm
511 2762 630 2804 tercii
651 2765 746 2817 post
766 2766 1043 2817 conquestum
1064 2762 1260 2803 vicesimo
1281 2764 1411 2803 sexto.

320 2859 417 2902 Sea]
438 2861 643 2916 wanting.

864 2944 911 2981 (1)
935 2943 1075 2972 Thomas
1091 2943 1221 2972 Davene
1235 2942 1263 2971 is
1278 2941 1419 2971 Thomas
1434 2941 1472 2970 de
1488 2941 1608 2969 Avene.

2324 886 2353 896 x
