2386 3645
284 270 394 312 1422

277 460 307 503 J
309 474 497 503 onANNE
518 460 571 502 de
593 459 809 503 NORREYS
832 494 840 502 .
865 459 1070 502 OLIVERO
1090 459 1142 502 de
1164 458 1335 502 Saevo
1351 458 1381 502 J
1383 473 1570 501 OHANNE
1586 490 1595 500 .
1614 457 1847 499 EDWARDO
1863 457 1915 499 de
1932 455 2222 499 STRADLINGE

280 550 490 594 militibus
522 584 530 593 .
564 550 822 595 WILLELMO
857 551 1044 594 messs
1076 584 1085 593 .
1120 550 1351 593 GILBERTO
1386 550 1575 593 DENYEs
1608 582 1617 592 .
1654 547 1888 592 LEWELYN
1923 562 1977 604 ap
2013 548 2136 591 REEs
2170 562 2223 603 ap

278 641 511 685 GRONOWE
543 676 552 685 .
585 642 739 686 JEVAN
771 657 824 698 ap
857 641 1088 684 GRIFFITH
1118 656 1172 697 ap
1203 641 1405 684 MoRGAN
1437 643 1480 684 et
1509 640 1616 682 aliis.

339 733 412 786 (I.)
477 732 569 776 Nos
589 736 732 776 autem
753 733 968 789 praefatus
989 732 1179 775 THOMAS
1200 732 1252 775 de
1283 732 1423 788 gratia
1452 734 1596 774 nostra
1626 730 1796 787 speciali
1826 729 2021 772 dedimus
2050 734 2092 772 et
2123 744 2219 772 con-

278 824 476 866 cessimus
509 824 674 867 dilectis
704 823 986 880 burgensibus
1016 823 1149 866 nostri
1178 823 1292 865 villae
1323 826 1478 866 nostrae
1509 822 1562 865 de
1606 821 1776 865 NEATH
1819 836 1963 864 omnes
2006 820 2224 864 libertates

277 914 531 971 subscriptas
560 915 605 957 in
636 917 889 971 perpetuum
919 914 996 956 viz.
1031 913 1144 969 quod
1173 913 1257 969 ipsi
1288 916 1331 956 et
1359 913 1548 956 haeredes
1578 912 1644 955 sui
1673 911 1806 968 quieti
1843 914 1886 954 et
1920 910 2043 954 liberi
2063 911 2149 954 sint
2169 912 2223 954 ds

276 1005 434 1048 telonio
454 1005 650 1062 muragio
671 1005 876 1060 pontagio
906 1003 1121 1060 pauuagio
1152 1003 1338 1060 terragio
1368 1002 1539 1060 kaiagio
1570 1006 1612 1045 et
1640 1002 1830 1058 piccagio
1851 1005 1894 1044 et
1924 1002 2018 1044 aliis
2047 1001 2223 1044 diversis

275 1096 478 1138 custumis
498 1099 541 1138 et
562 1094 937 1138 consuetudinibus
956 1109 1032 1150 per
1053 1096 1192 1136 totum
1212 1093 1450 1136 dominium
1470 1097 1662 1136 nostrum
1682 1097 1803 1136 tuam
1821 1093 1868 1135 in
1887 1092 2073 1135 ANGLIA
2094 1107 2223 1148 quam

275 1187 321 1229 in
353 1186 549 1230 WALLIA
579 1190 622 1228 et
653 1186 781 1229 etiam
822 1186 935 1241 quod
974 1184 1202 1240 praedictus
1241 1184 1492 1240 praepositus
1531 1187 1574 1226 et
1613 1183 1795 1226 ballivus
1825 1183 1894 1239 qui
1928 1198 2004 1240 pro
2033 1186 2223 1239 tempore

274 1277 449 1330 fuerint,
470 1292 546 1333 pro
569 1277 749 1320 servitiis
769 1276 867 1328 suis,
892 1277 944 1318 de
966 1275 1138 1318 redditu
1158 1275 1285 1317 unius
1301 1274 1502 1331 burgagii
1523 1274 1609 1317 sint
1629 1274 1809 1330 quilibet
1830 1289 1974 1316 eorum
1996 1275 2129 1330 quieti
2149 1289 2224 1331 per

275 1383 449 1420 annum,
480 1371 523 1411 et
553 1369 668 1424 quod
697 1367 842 1409 nullus
874 1367 926 1409 de
957 1365 1240 1422 burgensibus
1269 1365 1424 1408 nostris
1453 1365 1668 1421 praedictis
1709 1364 1803 1421 capi
1843 1379 1920 1407 nec
1951 1364 2225 1421 imprisonari

276 1458 428 1501 debeat
447 1458 492 1500 in
514 1461 648 1501 castro
678 1460 822 1500 nostro
852 1456 1055 1514 praedicto
1085 1471 1161 1513 pro
1192 1455 1406 1511 aliquibus
1436 1470 1505 1499 eos
1534 1455 1825 1512 tangentibus,
1858 1456 1962 1498 dum
1993 1470 2222 1513 manucap-

275 1550 435 1592 tionem
466 1564 539 1592 seu
569 1548 835 1605 plegiagium
865 1548 921 1589 ad
952 1547 1203 1590 exteriorem
1233 1549 1400 1603 portam
1440 1546 1633 1603 ejusdem
1664 1546 1790 1589 castri
1820 1549 1990 1603 possent
2019 1547 2223 1599 invenire,

273 1639 355 1682 nisi
375 1639 421 1682 in
442 1654 540 1682 casu
561 1639 731 1682 feloniae
752 1653 848 1682 cum
863 1653 1121 1694 manuopere
1137 1638 1251 1694 capti
1267 1637 1442 1690 fuerint,
1458 1652 1531 1680 seu
1546 1652 1622 1693 pro
1639 1636 1851 1693 aliquibus
1864 1652 1940 1680 nos
1953 1640 2029 1681 aut
2040 1637 2226 1682 familias

272 1734 436 1774 nostras
457 1731 693 1787 specialiter
713 1729 1003 1786 tangentibus.

330 1830 622 1873 Concessimus
641 1830 815 1886 insuper
835 1829 993 1873 eisdem
1013 1828 1298 1886 burgensibus
1318 1828 1472 1872 nostris
1493 1830 1607 1885 quod
1636 1828 1718 1884 ipsi
1746 1843 1823 1871 nec
1842 1828 2031 1871 haeredes
2052 1829 2117 1871 sui
2137 1844 2225 1871 non

273 1922 457 1965 debeant
476 1923 710 1978 receptores
730 1936 818 1964 esse
839 1921 1111 1965 denariorum
1138 1924 1393 1973 nostrorum,
1425 1921 1507 1964 nisi
1537 1920 1701 1963 fuerint
1732 1921 1783 1963 de
1814 1920 1998 1963 denariis
2028 1921 2223 1964 exeunti-

271 2012 351 2056 bus
381 2013 433 2055 de
463 2011 622 2055 balliva
652 2012 867 2068 praepositi
897 2012 1012 2055 villae
1043 2017 1199 2055 nostrae
1230 2012 1444 2068 praedictae
1474 2026 1551 2055 nec
1582 2012 1782 2068 distringi
1813 2010 1997 2054 debeant
2021 2012 2076 2054 ad
2095 2011 2224 2054 blada

274 2118 419 2146 carnes
438 2103 539 2146 vina
560 2118 634 2145 seu
654 2103 738 2145 alia
759 2103 960 2146 victualia
979 2106 1125 2146 nostra
1145 2106 1291 2146 contra
1313 2117 1459 2146 eorum
1479 2103 1746 2146 voluntatem
1767 2103 1995 2145 emendum
2017 2103 2089 2145 sed
2110 2104 2225 2158 quod

274 2193 398 2236 liberi
419 2194 504 2236 sint
523 2209 598 2250 per
619 2193 835 2236 libertates
856 2208 1001 2236 eorum
1022 2195 1203 2237 vendere
1224 2194 1367 2237 omnia
1388 2208 1483 2250 quae
1514 2194 1598 2236 sint
1629 2194 1854 2236 vendenda
1886 2193 2121 2250 cuicunque
2151 2197 2226 2237 aut

275 2284 596 2340 quibuscunque
617 2287 660 2327 et
681 2299 764 2340 quo
785 2287 974 2341 tempore
995 2285 1208 2328 voluerint
1229 2284 1385 2341 absque
1406 2284 1549 2341 aliquo
1570 2284 1890 2341 impedimento.

333 2375 547 2418 Praeterea
568 2375 845 2418 concessimus
865 2375 1057 2432 praefatis
1076 2375 1361 2432 burgensibus
1381 2376 1494 2431 quod
1524 2375 1606 2432 ipsi
1637 2378 1680 2418 et
1708 2375 1898 2418 haeredes
1928 2390 2073 2418 eorum
2102 2375 2226 2419 liberi

275 2475 417 2530 legare
453 2473 616 2530 possint
648 2474 791 2517 omnia
825 2474 1037 2532 burgagia
1076 2491 1151 2532 per
1190 2476 1302 2532 ipsos
1342 2474 1548 2531 acquisita
1587 2478 1677 2517 tam
1717 2475 1769 2517 de
1811 2475 2066 2518 tenementis
2098 2490 2227 2532 quam

273 2564 510 2608 redditibus
531 2564 766 2621 cuicunque
787 2569 829 2609 et
849 2566 1170 2623 quibuscunque
1202 2567 1417 2610 voluerint
1438 2567 1492 2609 ad
1523 2566 1791 2608 voluntatem
1821 2566 2009 2622 ipsorum
2039 2569 2083 2609 et
2112 2567 2226 2623 quod

274 2656 412 2698 eidem
432 2655 664 2711 burgenses
684 2656 886 2713 distringi
906 2671 993 2700 non
1014 2657 1197 2701 debeant
1218 2660 1338 2700 extra
1357 2657 1525 2700 bundas
1545 2660 1587 2699 et
1617 2657 1835 2700 libertates
1865 2657 1979 2700 villae
2010 2657 2224 2713 praedictae

275 2749 422 2789 contra
443 2761 589 2788 eorum
609 2746 875 2789 voluntatem
895 2747 1083 2803 ipsorum
1103 2751 1147 2790 et
1168 2748 1281 2804 quod
1302 2748 1441 2790 eidem
1461 2746 1693 2803 burgenses
1714 2747 1915 2804 distringi
1936 2762 2022 2790 non
2043 2747 2225 2791 debeant

275 2840 395 2880 extra
424 2836 590 2879 bundas
620 2840 662 2879 et
692 2837 909 2881 libertates
939 2838 1053 2881 villae
1084 2839 1298 2895 praedietae
1329 2841 1475 2881 contra
1506 2853 1651 2880 eorum
1681 2838 1947 2881 voluntatem
1977 2839 2032 2880 ad
2062 2838 2224 2894 aliquid

274 2928 529 2970 faciendum.
591 2927 651 2970 Et
682 2929 796 2983 quod
826 2929 972 2972 nullus
1001 2933 1229 2972 extraneus
1259 2932 1380 2972 extra
1409 2929 1624 2971 nundinas
1664 2933 1707 2971 et
1746 2929 1874 2971 ferias
1904 2928 2019 2971 infra
2058 2928 2224 2972 bundas

274 3018 497 3074 praedictas
518 3017 682 3073 aliquas
703 3019 1018 3062 merchandizas
1039 3021 1092 3062 de
1113 3020 1256 3075 aliquo
1277 3024 1477 3062 extraneo
1498 3022 1612 3061 emat
1642 3019 1725 3061 nisi
1756 3022 1926 3062 tantum
1957 3020 2009 3061 de
2039 3019 2225 3076 burgen-
