2386 3645
1915 266 2025 308 1519

142 488 238 515 mus
276 473 534 515 ratificamus
574 474 616 515 et
656 471 953 514 confirmamus
991 485 1067 526 per
1115 473 1329 526 presentes
1367 470 1414 512 in
1463 474 1726 527 perpetuum.
1787 472 1991 516 Volentes
2038 476 2082 516 et

142 564 417 606 concedentes
442 564 557 618 quod
584 563 664 605 iste
684 565 796 604 carte
817 561 1069 604 donaciones
1089 561 1371 604 concessiones
1392 565 1435 604 et
1455 562 1794 606 confirmaciones
1814 565 1866 606 de
1887 564 2082 607 omnibus

141 653 228 697 suis
268 653 536 696 libertatibus
575 653 758 696 fideliter
796 656 838 695 et
886 652 1190 695 inviolabiliter
1230 651 1505 695 observentur
1543 653 1590 695 in
1638 656 1891 708 perpetuum
1939 654 2081 710 aliqua

141 746 452 801 interruptione
484 761 570 788 non
602 745 808 788 obstante.
869 743 926 786 In
956 743 1080 800 cujus
1098 744 1160 786 rei
1179 744 1473 787 testimonium
1501 743 1601 786 huic
1629 745 1815 799 presenti
1844 748 1955 786 carte
1984 759 2080 787 con-

141 837 392 879 firmationis
411 839 553 879 nostre
573 836 763 892 sigillum
785 835 1030 878 cancellarie
1049 839 1191 878 nostre
1212 836 1264 878 de
1292 835 1515 878 KERDYFF
1541 834 1742 877 duximus
1769 835 2078 890 apponendum.

140 927 244 970 Hiis
258 927 454 970 testibus,
475 927 720 984 [OLIVERO]
744 928 796 969 de
809 925 981 969 SANCTO
994 926 1023 969 J
1026 941 1213 968 OHANNE
1227 929 1329 969 tunc
1347 926 1633 984 [vicecomite]
1653 961 1661 970 .
1677 927 1849 969 domino
1862 926 1890 969 J
1893 941 2080 969 OHANNE

142 1019 194 1061 de
221 1017 393 1061 SANc'ro
414 1018 444 1061 J
446 1033 633 1061 OHANNE
657 1053 664 1061 .
689 1018 860 1061 domino
881 1017 910 1060 J
913 1032 1099 1059 OHANNE
1125 1017 1386 1061 STRADLING
1406 1018 1616 1061 militibus
1637 1052 1646 1061 .
1669 1017 1883 1060 HENRICO
1904 1017 2079 1060 SLACKE

139 1112 243 1153 tunc
262 1109 570 1153 constabulario
587 1111 638 1152 de
654 1109 879 1153 KERDYFF
901 1144 910 1152 .
933 1110 1096 1153 DAVYD
1118 1110 1335 1152 MATHEW
1357 1144 1365 1152 .
1389 1109 1622 1152 LEWELYN
1644 1124 1697 1165 ap
1718 1109 1748 1152 J
1751 1123 1873 1151 EVAN
1889 1108 2050 1151 MADoc
2071 1142 2080 1151 .

136 1201 339 1244 Momm
370 1217 423 1257 ap
453 1201 687 1244 LEWELYN
718 1217 771 1257 ap
801 1201 832 1244 J
834 1216 955 1243 EVAN
988 1235 997 1244 .
1030 1201 1250 1258 armigeris
1280 1236 1289 1244 .
1323 1204 1365 1244 et
1384 1201 1532 1244 multis
1552 1201 1658 1243 aliis.

194 1292 359 1335 Datum
380 1293 495 1348 apud
514 1292 738 1335 KERDYFF
756 1292 952 1336 vicesimo
974 1293 1042 1335 die
1063 1293 1220 1335 mensis
1241 1291 1434 1335 Octobris
1446 1307 1559 1335 anno
1575 1292 1699 1349 regni
1720 1291 1854 1349 Regis
1874 1291 2079 1334 Hmuum

139 1384 247 1427 sexti
268 1386 362 1440 post
384 1387 660 1440 conquestum
679 1384 818 1427 tertio.
