2386 3645
304 259 414 299 1312

244 465 566 507 LANDAVENSIS
580 462 718 518 recepi
734 462 785 503 de
799 460 950 503 abbate
963 463 1005 502 et
1021 461 1231 501 conventu
1244 457 1411 500 ecclesie
1426 456 1548 499 beate
1569 455 1728 497 MAmE
1746 454 1797 495 de
1818 453 2023 495 MARGAN
2038 453 2182 494 decem

244 555 375 598 libras
396 555 696 610 sterlingorum
716 553 761 595 in
791 555 954 608 partem
985 550 1208 592 solucionis
1227 549 1384 605 viginti
1403 547 1608 589 librarum
1639 546 1684 587 in
1706 544 1858 599 quibus
1890 544 2025 600 ijdem
2058 543 2186 586 abbas

247 649 291 689 et
320 650 550 689 conventus
580 646 768 701 predicto
798 644 969 685 domino
1000 642 1028 684 J
1032 655 1208 683 OHANNI
1239 639 1494 681 tenebantur
1524 652 1599 692 per
1633 651 1764 677 unam
1792 635 1957 677 talliam
1987 637 2098 677 inter
2118 649 2187 677 eos

247 738 347 779 inde
367 739 550 779 levatam
571 738 623 778 de
644 735 797 791 quibus
813 734 984 789 quidem
1004 733 1146 774 decem
1167 731 1285 772 libris
1314 733 1460 770 teneor
1489 742 1556 768 me
1586 726 1774 782 plenarie
1804 726 1894 767 fore
1923 726 2186 781 persolutum

249 831 292 871 et
332 829 465 871 dictos
503 827 718 870 Abbatem
759 829 800 868 et
849 826 1103 866 conventum
1163 821 1371 876 quietatos
1420 834 1494 873 per
1543 819 1768 872 presentes,
1860 816 1916 858 In
1957 816 2079 872 cujus
2127 815 2190 858 rei

250 920 541 962 testimonium
561 917 825 974 presentibus
845 915 1034 970 sigillum
1055 927 1198 954 meum
1220 914 1281 952 est
1302 923 1549 964 appensum.

310 1018 474 1061 Datum
508 1018 621 1073 apud
654 1016 872 1058 LANTUYT
904 1011 1151 1054 duodecimo
1182 1010 1249 1050 die
1277 1008 1433 1050 mensis
1464 1006 1720 1048 Novembris
1756 1021 1868 1048 anno
1903 1005 2027 1062 regni
2059 1005 2194 1061 Regis

251 1109 477 1151 EDWARDI
498 1108 617 1149 tercii
637 1110 731 1162 post
753 1108 1028 1160 conquestum
1049 1100 1258 1142 tricesimo
1280 1099 1443 1154 quinto.

310 1199 419 1251 Seal,
435 1214 564 1255 green
580 1213 688 1249 wax,
709 1196 796 1251 {in
815 1195 940 1236 diam.
1003 1191 1175 1235 Within
1196 1205 1221 1232 a
1234 1190 1385 1231 earved
1405 1189 1492 1230 and
1511 1189 1687 1244 pointed
1701 1187 1856 1230 Gothic
1875 1188 2001 1243 panel
2014 1202 2039 1229 a
2057 1186 2195 1230 shield

253 1290 298 1333 of
318 1305 441 1341 arms,
465 1304 490 1330 a
509 1288 592 1330 fess
617 1286 849 1343 (diapered)
875 1285 960 1326 and
980 1284 1025 1324 in
1047 1281 1159 1323 chief
1179 1282 1297 1322 three
1319 1280 1501 1321 mullets.

309 1380 490 1435 Legem]
507 1382 560 1409 —‘
576 1394 607 1420 s.
632 1392 814 1419 RICARDI
837 1390 894 1417 DE
916 1370 1175 1416 covENTRE.’

1116 1826 1346 1870 MXXVI.

260 1925 571 1968 MANDATE
608 1923 695 1965 BY
735 1921 865 1964 THE
907 1919 1151 1962 REOTOR
1192 1918 1271 1961 OF
1312 1916 1520 1960 OOITIF
1561 1916 1695 1959 AND
1737 1915 1868 1959 THE
1909 1915 2087 1958 DEAN
2127 1914 2205 1958 OF

410 2014 716 2059 GRONYTH
762 2013 837 2055 TO
880 2010 1137 2054 THOMAS
1187 2009 1408 2061 LOVEL,
1452 2006 1673 2059 OLEIffi,
1716 2007 1792 2049 TO
1845 2007 1986 2050 CITE
2036 2005 2206 2050 JOHN

409 2106 644 2158 PHILIP,
699 2105 776 2147 OF
835 2102 1109 2154 KENFEG,
1166 2101 1300 2144 AND
1362 2098 1625 2149 OTHERS,
1680 2098 1756 2140 To
1817 2098 2074 2141 ATTEND
2135 2096 2207 2140 IN

410 2196 670 2241 KENFEG
719 2194 997 2245 CHUROH,
1045 2193 1117 2235 IN
1159 2192 1289 2235 THE
1340 2190 1484 2234 SUIT
1541 2190 1619 2232 OF
1660 2189 1939 2232 MARGAM
1987 2187 2209 2231 ABBEY

414 2287 688 2332 AGAINST
757 2285 938 2328 THEM
997 2284 1121 2327 FOR
1185 2281 1579 2325 INFRAOTION
1639 2280 1716 2323 OF
1786 2279 2070 2322 FISHERY
2137 2279 2210 2322 IN

415 2378 659 2423 KENFIG
707 2377 866 2420 POOL
914 2376 1048 2419 AND
1099 2374 1278 2419 AVAN
1319 2372 1594 2425 WATERS,
1646 2371 1824 2415 WITH
1875 2370 2211 2415 ENDORSED

419 2470 642 2515 REPLY.

980 2524 1211 2581 [MARGAM
1251 2521 1507 2578 CHARTER]
1795 2521 1821 2562 2
1852 2519 1969 2562 Nov.
2033 2521 2157 2563 1365.

337 2668 825 2682 ...............
848 2637 984 2675 rector
1003 2634 1056 2674 de
1078 2632 1233 2674 OoI'rIF
1257 2666 1266 2674 .
1290 2634 1333 2673 et
1353 2632 1537 2672 decanus
1558 2629 1610 2671 de
1632 2628 1856 2671 GRONYTH
1878 2627 2151 2670 commissarii
2171 2628 2218 2671 in

276 2731 356 2774 hac
375 2732 495 2786 parte
515 2726 715 2783 speciales
738 2760 746 2768 .
769 2726 946 2767 discreto
967 2724 1056 2766 viro
1077 2723 1245 2766 THOME
1266 2721 1422 2764 Lovm
1443 2719 1591 2762 clerico
1613 2719 1793 2761 salutem
1813 2718 1859 2759 in
1881 2717 2080 2760 Domino.

336 2820 470 2865 Vobis
486 2818 789 2861 committimus
804 2832 851 2858 ac
866 2816 1119 2857 mandamus
1132 2814 1246 2869 quod
1261 2828 1334 2855 vos
1350 2812 1487 2854 citetis
1502 2809 1783 2866 peremptorie
1799 2811 1970 2865 propter
1985 2808 2222 2864 periculum

280 2913 520 2955 animarum
550 2909 780 2952 eorundem
812 2940 822 2950 .
853 2907 882 2950 J
885 2919 1109 2948 OHANNEM
1144 2904 1314 2946 Pmmp
1347 2903 1399 2944 de
1434 2899 1706 2944 KENEFEEG'
1731 2934 1739 2942 .
1773 2899 1897 2941 Rmzs
1927 2914 1981 2955 ap
2014 2898 2188 2942 GRUFF'
2212 2933 2220 2942 .

283 3003 475 3047 GETHYN
513 3003 565 3044 de
599 3000 765 3043 AVENE
799 3033 807 3041 .
839 2997 1043 3040 HOELUM
1076 3011 1129 3052 ap
1163 2992 1338 3037 GRUFF'
1370 2992 1545 3034 HAGUR
1577 2994 1620 3033 et
1649 2995 1807 3033 ceteros
1837 3005 2020 3045 quorum
2050 2990 2226 3032 nomina
