2386 3645
1892 298 2001 340 1459

975 585 1196 628 MXCIX.

118 695 412 740 EXTRAGT
442 695 617 738 FROM
657 694 787 737 THE
832 692 1236 740 INQUISITION
1267 692 1415 736 POST
1461 693 1728 736 MORTEM
1770 694 1847 736 OF
1890 695 1920 738 J
1923 695 2058 739 OHN

260 787 346 830 DE
376 786 463 829 LA
492 785 675 838 BERE,
708 784 1118 828 GONOERNING
1149 784 1257 827 HIS
1288 784 1549 827 TENURE
1581 784 1658 826 OF
1690 785 1819 827 THE
1850 786 2056 829 FORTI-

256 877 409 920 FIED
439 876 668 920 MANOR
698 875 777 919 OF
811 875 1097 928 WEBLEY,
1120 874 1192 918 IN
1213 875 1344 917 THE
1369 875 1686 918 LORDSHIP
1708 875 1785 918 OF
1816 875 2054 921 GOWER.

622 983 803 1040 [1.P.M.
867 984 919 1024 11
952 982 1078 1025 HEN.
1101 982 1199 1035 IV„
1221 982 1305 1025 No.
1329 984 1398 1034 36,
1419 997 1468 1025 M.
1490 983 1555 1040 2.]

1265 1091 1292 1132 2
1322 1090 1446 1132 MAY.
1509 1091 1560 1132 11
1584 1090 1709 1133 ΗΕΝ.
1732 1090 1814 1134 IV.
1877 1092 2000 1133 1410.

172 1200 402 1256 Inquisitio
423 1202 547 1256 capta
566 1199 683 1255 apud
704 1198 962 1240 HEREFORD
992 1198 1175 1240 secundo
1207 1199 1276 1240 die
1306 1198 1463 1241 mensis
1493 1197 1603 1240 Maii
1632 1213 1745 1241 anno
1775 1199 1899 1255 regni
1928 1199 2062 1256 Regis

117 1290 323 1333 HEchI
345 1290 487 1346 quarti
505 1292 601 1345 post
621 1291 898 1344 conquestum
918 1288 1154 1330 undecimo.

173 1415 353 1424 ......
378 1380 467 1428 Qui
506 1381 655 1423 dicunt
676 1414 685 1422 .
711 1415 719 1422 .
744 1414 752 1422 .
778 1413 786 1421 .
815 1415 823 1422 .
849 1413 857 1421 .
882 1380 996 1435 quod
1037 1379 1067 1422 J
1069 1393 1279 1421 OHANNES
1309 1381 1361 1422 de
1391 1379 1434 1421 la
1465 1379 1595 1421 BERE
1619 1413 1627 1421 .
1653 1413 1661 1421 .
1687 1412 1696 1422 .
1722 1413 1730 1421 .
1757 1414 1765 1422 .
1792 1413 1800 1421 .
1823 1379 1963 1422 tenuit
1993 1379 2061 1421 die

113 1487 197 1528 quo
218 1471 324 1515 obiit
346 1472 560 1527 quoddam
580 1471 821 1513 manerium
840 1470 1094 1513 batellatum
1114 1473 1311 1512 vocatum
1332 1469 1538 1513 WEBLEY
1559 1485 1655 1512 cum
1675 1470 1761 1512 suis
1794 1470 2062 1525 pertinentiis

114 1562 229 1605 infra
259 1562 496 1604 dominium
529 1563 581 1604 de
612 1561 797 1604 Gowmz'
829 1564 1026 1604 vocatum
1048 1560 1403 1603 GOWERESLOND’
1425 1561 1470 1602 in
1492 1560 1688 1604 WALLIA
1711 1561 1826 1602 infra
1846 1560 2063 1603 balliviam

115 1653 248 1709 ipsius
270 1653 490 1696 escaetoris
510 1653 562 1695 de
583 1652 752 1695 THOMA
773 1667 909 1708 nuper
929 1651 1081 1694 comite
1097 1650 1398 1695 MARESCALLO
1414 1651 1502 1694 filio
1519 1654 1561 1694 et
1575 1651 1728 1694 herede
1744 1651 1910 1715 THoME
1926 1666 2063 1706 nuper

112 1744 230 1786 ducis
259 1742 586 1786 NORFFOLCHIE
617 1743 776 1785 adtunc
804 1742 921 1784 infra
950 1745 1107 1784 etatem
1137 1745 1180 1784 et
1209 1742 1254 1783 in
1285 1742 1474 1783 custodia
1505 1741 1699 1797 ejusdem
1728 1741 1891 1784 domini
1926 1741 2060 1798 Regis

106 1835 152 1876 in
174 1834 313 1891 capite
333 1849 410 1890 per
430 1833 654 1876 servicium
673 1833 858 1875 militare
880 1836 927 1874 ut
949 1833 1002 1874 de
1024 1836 1158 1874 castro
1180 1835 1222 1874 et
1243 1832 1432 1874 dominio
1463 1846 1538 1874 suo
1568 1833 1620 1874 de
1646 1831 1936 1874 SWAYNESEY.
1998 1831 2059 1874 Et

107 1925 257 1968 dicunt
278 1925 393 1980 quod
418 1923 594 1981 [s]citus
614 1923 718 1966 dicti
739 1923 919 1966 manerii
940 1922 1073 1965 nichil
1093 1923 1207 1965 valet
1227 1937 1302 1977 per
1322 1937 1485 1964 annum
1514 1922 1627 1964 ultra
1656 1922 1836 1978 reprisas
1864 1938 1911 1964 eo
1942 1924 2057 1978 quod

108 2017 258 2059 domus
297 2019 340 2058 et
373 2016 538 2058 edificia
573 2015 678 2057 dicti
724 2013 900 2071 [s]citus
932 2017 1032 2056 sunt
1061 2014 1274 2056 destructa
1303 2028 1377 2069 per
1406 2013 1592 2055 diversas
1622 2028 1807 2056 accessus
1835 2013 2058 2055 rebellium

108 2106 438 2151 WALLICORUM.
521 2105 582 2147 Et
624 2105 774 2147 dicunt
817 2105 948 2147 etiam
979 2105 1092 2160 quod
1123 2103 1283 2146 dictum
1314 2104 1552 2145 manerium
1583 2104 1696 2146 ultra
1731 2103 1932 2160 [s]citum
1962 2119 2053 2159 pre-

107 2198 270 2240 dictum
301 2197 414 2239 valet
446 2211 522 2252 per
552 2211 715 2238 annum
750 2195 797 2237 in
831 2195 1027 2237 omnibus
1058 2194 1242 2237 exitibus
1271 2194 1385 2236 ultra
1415 2194 1594 2250 reprisas
1624 2201 1737 2236 xxxs·
1768 2228 1776 2236 .
1803 2227 1811 2236 .
1837 2228 1845 2236 .
1871 2228 1879 2236 .
1903 2194 2057 2237 Dictus

110 2288 140 2331 J
142 2302 353 2331 OHANNES
385 2288 438 2329 de
473 2287 516 2329 la
547 2286 678 2329 BERE
712 2286 817 2328 obiit
847 2287 1017 2328 XXIIIltO
1036 2285 1104 2327 die
1135 2284 1394 2340 Septembris
1424 2299 1536 2326 anno
1555 2284 1678 2340 regni
1698 2284 1810 2340 regis
1829 2285 2058 2340 supradicti

108 2382 260 2434 quarto
310 2381 353 2420 et
401 2379 515 2434 quod
555 2377 746 2420 THOMAS
786 2377 898 2419 filius
939 2376 1131 2432 ejusdem
1163 2376 1394 2419 JOHANNIS
1429 2376 1481 2417 de
1515 2375 1558 2416 la
1593 2375 1722 2416 BERE
1763 2378 1824 2416 est
1863 2374 2055 2430 ejusdem

109 2469 140 2513 J
142 2484 342 2512 OHANNIS
380 2469 501 2511 heres
539 2468 817 2524 propinquior
857 2470 899 2510 et
929 2471 993 2509 est
1022 2466 1147 2509 etatis
1185 2481 1337 2508 novem
1373 2481 1593 2508 annorum.
1655 2465 1716 2507 Et
1755 2465 1903 2507 dicunt
1942 2466 2054 2520 quod

108 2560 138 2604 J
141 2575 350 2602 OHANNES
382 2559 522 2603 SEINT
561 2559 591 2602 J
594 2574 688 2608 OHN
727 2559 850 2600 miles
879 2558 1041 2600 dictum
1070 2557 1310 2599 manerium
1341 2572 1438 2599 cum
1472 2556 1558 2598 suis
1590 2555 1858 2611 pertinentiis
1887 2572 1912 2596 a
1941 2555 2053 2597 dicto

107 2652 176 2694 die
196 2651 336 2694 obitus
356 2651 488 2707 ipsius
509 2650 538 2693 J
541 2663 741 2692 oHANNIS
761 2650 814 2692 de
834 2649 876 2690 la
891 2648 1021 2690 BERE
1037 2648 1231 2703 usquein
1252 2648 1365 2689 diem
1386 2646 1592 2703 captionis
1611 2646 1741 2701 hujus
1756 2645 2053 2700 Inquisitionis

109 2741 340 2798 occupavit.
402 2741 464 2783 Et
483 2741 598 2796 quod
618 2740 732 2782 idem
753 2739 782 2782 J
785 2753 995 2781 OHANNES
1016 2738 1155 2780 SEINT
1175 2737 1204 2780 J
1207 2752 1301 2779 orm
1323 2738 1462 2780 exitus
1482 2740 1524 2778 et
1544 2737 1730 2792 proficua
1750 2736 1853 2777 dicti
1872 2735 2051 2777 manerii

103 2846 178 2887 per
197 2831 311 2873 idem
331 2834 500 2886 tempus
519 2830 706 2886 percepit
727 2831 769 2871 et
788 2828 939 2872 habuit
969 2830 1041 2871 sed
1062 2843 1144 2884 quo
1165 2828 1292 2870 titulo
1314 2828 1496 2883 qualiter
1529 2842 1605 2869 nec
1640 2841 1722 2881 quo
1755 2827 1879 2868 modo
1914 2826 2048 2882 jurati

104 2922 282 2978 predicti
301 2922 516 2977 ignorant.
