2386 3645
325 305 435 347 1436

1098 497 1374 541 MLXXXI.

264 601 512 646 LETTER
551 604 726 648 FROM
759 605 1000 656 HENRY,
1038 605 1270 648 PRINOE
1308 606 1386 649 OF
1419 605 1652 659 WALES,
1686 606 1762 649 TO
1791 606 1821 649 J
1825 605 1961 649 OHN
1990 605 2210 649 GREIN-

408 694 592 748 DORE,
615 695 891 739 SHERIFF
919 696 997 739 OF
1028 696 1435 749 GLAMORGAN,
1467 697 1543 740 TO
1572 697 1857 742 DELIVER
1887 696 1963 739 ΤΟ
2004 696 2210 739 ΡΕΤΕΒ.

411 784 662 829 ORULLE
722 787 1008 831 GUSTODY
1067 788 1145 829 OF
1227 788 1357 830 THE
1435 787 1644 831 LANDS
1704 787 1783 830 OF
1861 787 1963 830 SIR
2040 788 2070 831 J
2074 787 2210 831 OHN

410 875 717 931 NORREYS,
739 877 899 930 KNT„
922 878 1173 921 WITHIN
1195 878 1325 921 THE
1353 878 1673 922 LORDSHIP
1699 879 1777 921 OF
1799 878 2211 930 GLAMORGAN,

409 967 544 1010 AND
595 968 725 1010 THE
775 969 1113 1012 MARRIAGE
1164 968 1243 1011 OF
1287 969 1396 1012 HIS
1446 969 1803 1013 DAUGHTER
1845 968 2211 1021 MARGARET,

410 1058 589 1102 THEN
638 1059 864 1102 UNDER
914 1059 1053 1102 ΑΘΕ.

718 1150 870 1207 [ERIT.
903 1150 1019 1193 Mus.
1067 1150 1245 1193 SLOANE
1276 1151 1370 1195 MS.
1404 1153 1546 1204 4‚596,
1578 1152 1610 1194 f.
1645 1151 1765 1209 168]

1449 1243 1474 1283 6
1495 1242 1605 1284 FEB.
1670 1244 1692 1285 1
1725 1242 1851 1286 ΗΕΝ.
1883 1243 1965 1287 IV.
2030 1244 2153 1287 1400.

322 1330 496 1373 HENRY
516 1333 686 1375 ainsnez
707 1332 775 1375 filz
796 1333 856 1375 du
869 1333 968 1387 Roy
983 1332 1340 1375 d'ENGLETERRE
1361 1336 1403 1375 et
1425 1334 1479 1375 de
1500 1333 1686 1375 FRANCE
1709 1333 1861 1376 Prinee
1883 1335 1936 1376 de
1958 1334 2109 1377 GALES
2130 1336 2212 1377 (1116

265 1422 317 1465 (16
352 1422 577 1465 GUYENNE
609 1424 661 1465 de
692 1423 958 1466 LANCASTRE
986 1427 1028 1466 et
1058 1425 1111 1466 de
1144 1423 1479 1466 CORNEWAILLE
1513 1427 1557 1467 et
1591 1428 1713 1467 conte
1742 1426 1794 1467 de
1834 1425 2007 1468 GESTRE
2038 1441 2063 1468 a
2092 1430 2215 1468 notre

263 1513 465 1556 tresehier
485 1517 528 1556 et
548 1514 646 1556 bien
668 1530 762 1557 ame
783 1515 967 1557 chivaler
987 1515 1017 1557 J
1020 1529 1144 1557 OHAN
1177 1514 1448 1558 GREINDORE
1479 1516 1666 1558 visconte
1697 1517 1750 1558 de
1781 1515 2066 1559 GLOMORGAN
2088 1517 2212 1560 salut.

324 1604 497 1647 Comme
529 1608 650 1648 notre
674 1605 963 1648 tresredoubte
991 1606 1165 1662 seignur
1196 1611 1239 1649 et
1263 1622 1362 1662 pere
1389 1622 1467 1663 par
1497 1622 1561 1650 ses
1587 1607 1733 1650 lettres
1757 1610 1951 1663 patentes
1981 1608 2042 1650 ait
2072 1609 2212 1651 donne

264 1698 306 1738 et
327 1696 478 1738 ottroie
508 1711 534 1738 a
560 1711 637 1738 son
667 1696 868 1739 tresehier
895 1697 1054 1739 eseuier
1084 1696 1284 1739 Pfflnmzs
1313 1697 1497 1740 ORULLE
1525 1698 1566 1741 16
1591 1699 1722 1755 garde
1749 1699 1801 1741 de
1827 1702 1924 1742 tous
1943 1699 2004 1742 les
2023 1702 2155 1742 terres
2174 1702 2217 1742 et-

265 1788 504 1829 tenements
532 1802 611 1829 oue
635 1788 696 1830 les
723 1790 1012 1843 appurtenans
1040 1803 1183 1844 queux
1218 1788 1389 1831 feurent
1422 1804 1447 1830 a
1481 1788 1511 1832 J
1513 1803 1638 1832 OHAN
1671 1789 1886 1832 NORREYS
1923 1789 2108 1832 ohivaler
2143 1791 2217 1846 qui

263 1879 375 1920 mort
408 1881 470 1920 est
502 1878 677 1920 (16(161116
704 1878 744 1921 16
780 1878 1018 1934 seigneurie
1051 1879 1104 1922 de
1140 1879 1426 1922 GLOMORGAN
1460 1880 1534 1935 qui
1568 1880 1740 1936 nagairs
1766 1881 1904 1922 tenoit
1939 1896 1992 1923 en
2023 1880 2137 1923 chief
2165 1881 2219 1924 de

265 1967 455 2011 THOMAS
481 1968 594 2025 jadis
629 1969 710 2012 sire
746 1968 1072 2013 LEDESPENSER
1100 1973 1144 2013 et
1172 1971 1232 2013 les
1259 1986 1401 2026 queux
1441 1973 1573 2014 terres
1605 1974 1648 2014 et
1676 1974 1914 2014 tenements
1944 1975 2039 2014 tant
2069 1987 2147 2028 par
2175 1973 2220 2014 16

264 2062 376 2102 mort
406 2061 465 2102 du
486 2060 550 2102 dit
575 2060 604 2103 J
607 2075 732 2103 OHAN
755 2063 797 2103 et
817 2076 894 2117 par
918 2061 1127 2104 eneheson
1152 2063 1205 2104 de
1230 2063 1272 2104 16
1299 2062 1507 2104 maindrel
1533 2077 1613 2118 age
1638 2063 1691 2105 de
1722 2062 2012 2105 MARGARETE
2053 2063 2140 2105 fille
2171 2066 2214 2106 et

265 2150 381 2193 heire
403 2152 462 2194 du
482 2151 547 2193 dit
566 2151 595 2194 J
598 2166 722 2194 OHAN
744 2151 960 2195 NORREYS
982 2167 1098 2195 come
1119 2168 1197 2208 par
1216 2153 1259 2195 16
1273 2152 1504 2195 forfactum
1521 2153 1693 2196 dieellui
1708 2153 1900 2195 THOMAS
1917 2156 2013 2196 sont
2028 2155 2218 2196 devenuz

266 2257 312 2285 as
332 2257 508 2298 maynes
529 2244 581 2284 (16
602 2245 722 2285 notre
744 2243 809 2285 (111
830 2243 1002 2299 seignur
1023 2246 1065 2286 et
1095 2259 1193 2300 pere
1214 2259 1240 2286 6
1260 2259 1305 2286 66
1336 2244 1444 2300 q'est
1473 2245 1538 2287 dit
1568 2279 1577 2287 .
1611 2260 1636 2286 6
1657 2244 1774 2287 avoir
1794 2260 1850 2287 au
1871 2245 1936 2287 dit
1956 2244 2156 2287 Pmmms
2176 2245 2220 2288 16

267 2335 399 2390 garde
421 2335 473 2376 de
495 2338 590 2376 tous
611 2334 671 2376 les
691 2334 778 2376 ditz
799 2337 931 2377 terrez
956 2338 996 2378 et
1019 2338 1237 2378 tenemens
1263 2351 1342 2378 oue
1368 2336 1429 2378 les
1453 2338 1742 2392 appurtenans
1772 2340 1932 2392 tanque
1960 2352 1985 2379 a
2014 2337 2057 2379 la
2076 2337 2219 2392 pleine

268 2439 348 2481 age
375 2426 428 2468 de
460 2425 502 2467 16
530 2425 618 2467 (1116
649 2424 764 2468 heire
789 2441 888 2468 aveo
919 2426 961 2468 16
990 2426 1179 2483 mariage
1211 2426 1359 2468 (1166116
1387 2442 1486 2468 sanz
1511 2427 1863 2483 desparagement
1896 2427 2049 2470 6166616
2078 2443 2131 2470 611
2158 2428 2220 2471 166

270 2516 379 2559 (11166
405 2516 550 2559 lettres
579 2516 841 2572 pleinement
866 2519 928 2559 est
956 2520 1162 2559 eontenuz
1192 2532 1296 2559 vous
1325 2518 1534 2560 mandons
1561 2518 1871 2574 enohargeantz
1899 2534 1981 2575 que
2009 2534 2135 2562 veues
2154 2534 2220 2562 666

270 2611 484 2664 presentes
516 2622 620 2649 vous
652 2607 767 2649 faeez
802 2611 956 2649 mettre
991 2607 1032 2650 le
1072 2608 1137 2650 dit
1172 2608 1372 2650 Pmmms
1404 2623 1460 2651 ou
1500 2624 1574 2651 son
1611 2611 1777 2651 attorne
1817 2625 1870 2652 66
1911 2625 1986 2652 666
2027 2625 2128 2652 nom
2164 2626 2218 2653 611

272 2699 506 2755 possession
527 2699 601 2740 des
621 2701 752 2741 terres
773 2701 815 2741 et
835 2702 1053 2741 tenemens
1074 2700 1291 2742 avantditz
1312 2715 1390 2742 oue
1411 2701 1474 2742 lez
1494 2703 1830 2756 appurtenances
1858 2701 1996 2743 661666
2017 2701 2159 2743 leffeet
2179 2705 2221 2743 et

272 2792 423 2832 teneur
453 2790 527 2831 (166
556 2789 702 2831 lettres
732 2792 926 2845 patentes
953 2791 1005 2832 de
1039 2794 1160 2833 notre
1188 2790 1253 2833 dit
1284 2791 1459 2846 seignur
1489 2795 1531 2833 et
1551 2806 1648 2847 pere
1680 2791 1946 2834 dessusdites.
2009 2791 2070 2833 Et
2095 2807 2140 2834 66
2168 2807 2223 2834 66

272 2882 414 2924 166666.

332 2963 488 3006 Donne
509 2962 636 3005 soubz
656 2965 779 3005 notre
799 2963 885 3006 6661
905 2978 931 3005 6
958 2963 1288 3007 WESTMINSTRE
1311 2965 1350 3007 16
1382 2980 1446 3007 VJ.
1478 2964 1578 3021 jour
1607 2966 1659 3007 de
1681 2965 1856 3007 Fevrier
1883 2964 1990 3007 l’An
2016 2966 2075 3008 du
2094 2981 2227 3022 regne

276 3055 328 3097 de
350 3056 472 3097 notre
493 3054 558 3096 dit
578 3053 869 3097 tresredoubte
889 3055 1064 3111 seignur
1083 3070 1181 3111 pere
1202 3055 1372 3111 primer.

1098 3148 1145 3183 (1)
1168 3147 1322 3185 Maniere,
1344 3147 1412 3176 MS.
