2386 3645
299 275 410 316 1488

239 482 294 522 ad
315 481 476 524 dictum
496 482 682 539 burgum
702 486 894 526 nostrum
915 498 1011 526 oum
1032 483 1154 526 dictis
1175 484 1460 526 aldermannis
1475 484 1582 527 bene
1598 489 1639 527 et
1653 484 1833 526 fideliter
1850 483 2178 539 gubernandum

239 586 286 613 ac
321 573 515 615 denarios
555 579 596 615 et
637 577 850 616 custumas
888 575 988 616 inde
1023 574 1144 617 nobis
1183 574 1347 617 debitas
1382 575 1669 631 colligendum
1705 578 1746 616 et
1777 575 2007 617 levandum
2040 589 2179 617 coram

238 663 547 706 constabulario
586 670 729 707 nostro
768 665 814 706 in
855 665 1056 707 scaccario
1095 669 1238 708 nostro
1288 667 1340 708 de
1389 665 1632 708 KAERDIFF
1672 665 1923 721 prestabunt
1960 668 2086 721 prout
2125 667 2179 708 de

239 753 416 809 antiquo
447 755 538 797 fieri
574 756 801 798 consuevit.
863 756 924 797 Et
954 757 1067 811 quod
1102 757 1329 798 decedente
1365 757 1506 812 aliquo
1541 757 1815 798 aldermanno
1847 756 1961 798 infra
1994 755 2180 812 burgum

236 849 428 887 nostrum
469 847 705 901 predictum
748 847 905 889 residui
945 847 1211 889 aldermanni
1251 848 1495 902 superstites
1534 848 1637 889 alios
1672 847 1740 888 vel
1779 847 1912 889 alium
1952 848 2004 889 de
2042 847 2180 903 magis

234 936 537 979 sufficientibus
558 940 600 979 et
620 937 932 980 discretioribus
950 937 1233 992 burgensibus
1250 937 1378 994 burgi
1398 939 1531 981 nostri
1564 938 1742 993 predicti
1776 938 1866 980 loco
1903 953 1977 980 suo
2014 938 2178 994 eligant

239 1033 280 1068 et
302 1042 371 1069 eos
391 1028 458 1069 vel
479 1043 575 1069 eum
597 1028 904 1070 constabulario
924 1030 1067 1070 nostro
1087 1029 1138 1070 de
1160 1027 1404 1070 KAERDIFF
1420 1044 1494 1084 pro
1508 1032 1696 1084 tempore
1713 1029 1920 1072 existente
1935 1032 2179 1085 presentent

238 1117 311 1172 qui
333 1133 472 1160 coram
492 1118 582 1174 ipso
603 1125 822 1174 tamquam
842 1118 1004 1174 majore
1025 1134 1099 1160 suo
1120 1122 1429 1161 sacramentum
1450 1134 1573 1162 suum
1593 1119 1844 1175 pre-stabunt
1876 1121 1942 1161 vel
1975 1120 2180 1175 prestabit

236 1209 361 1250 modo
382 1209 633 1264 supradicto.
696 1209 751 1251 In
792 1209 915 1265 cujus
938 1210 1000 1251 rei
1030 1210 1321 1251 testimonium
1351 1209 1450 1251 huic
1482 1211 1667 1265 presenti
1702 1214 1814 1252 carte
1848 1211 2179 1253 confirmacionis

236 1301 369 1342 nostri
406 1304 448 1342 et
487 1300 730 1342 donacionis
770 1303 911 1342 nostre
950 1300 1136 1355 predicte
1171 1300 1362 1355 sigillum
1399 1300 1643 1342 cancellarie
1674 1303 1815 1342 nostre
1848 1301 1900 1342 de
1933 1300 2178 1343 KAERDIFF

237 1391 437 1433 duximus
458 1392 772 1446 apponendum.
833 1390 936 1432 Hiis
957 1390 1135 1432 testibus
1158 1390 1441 1433 ,WILLELMO
1462 1390 1613 1432 abbate
1634 1391 1686 1432 de
1707 1390 1908 1432 Monam
1924 1425 1932 1432 .
1949 1390 2180 1434 LLEISAND

237 1482 389 1525 abbate
440 1484 492 1524 de
533 1482 701 1524 ΝΕΕΤΗ
738 1516 745 1524 .
788 1482 817 1525 J
820 1495 1006 1523 OHANNE
1047 1482 1099 1523 de
1140 1480 1410 1523 STRADLYNG
1450 1481 1587 1523 milite
1619 1484 1721 1523 tunc
1761 1481 2004 1524 vicecomite
2037 1486 2179 1525 nostro

238 1573 597 1616 GLAMORGANCIE
621 1573 862 1615 .J0HANNE
884 1573 936 1614 de
957 1572 1130 1614 SANCTo
1151 1572 1180 1615 J
1183 1586 1370 1614 OHANNE
1394 1606 1401 1614 .
1427 1573 1631 1614 OLIVERO
1651 1573 1704 1614 de
1732 1571 1905 1614 SANCTo
1925 1572 1955 1615 J
1958 1586 2144 1614 OHANNE
2168 1607 2176 1614 .

237 1664 468 1708 GILBERTO
485 1664 642 1706 DENYs
663 1667 705 1706 et
725 1663 959 1705 EDWARDO
979 1664 1031 1705 de
1065 1662 1335 1705 STRADLYNG
1363 1663 1571 1705 militibus
1594 1697 1601 1705 .
1625 1662 1652 1704 J
1657 1677 1845 1705 oHANNE
1867 1663 2144 1705 LAUERENCE
2168 1696 2176 1705 .

234 1755 467 1798 WALTERO
488 1755 713 1797 MORETON
737 1789 745 1796 .
770 1754 981 1797 RoBmvro
1002 1753 1203 1797 WALsoH
1224 1759 1265 1796 et
1287 1754 1392 1796 aliis.
1455 1753 1580 1796 Teste
1600 1769 1667 1795 me
1688 1754 1778 1809 ipso
1800 1755 1914 1809 apud
1935 1753 2178 1796 KAERDIFF

234 1847 429 1889 vicesimo
450 1846 519 1888 die
538 1846 694 1888 mensis
723 1846 887 1902 Aprilis
919 1860 1030 1887 anno
1063 1844 1186 1901 regni
1214 1844 1348 1901 Regis
1376 1845 1581 1887 HENRIOE
1615 1845 1754 1900 quinti
1781 1848 1877 1901 post
1904 1847 2180 1900 conquestum

234 1953 359 1980 nono.

292 2028 384 2071 The
406 2029 503 2080 seal,
525 2029 644 2084 large
665 2029 750 2070 and
772 2029 816 2070 of
837 2043 967 2084 green
988 2044 1095 2081 wax,
1118 2028 1153 2070 is
1183 2028 1365 2070 reduced
1390 2032 1433 2070 to
1464 2027 1537 2069 the
1569 2027 1729 2069 oentral
1754 2030 1838 2068 two
1869 2026 2023 2068 inches.
2086 2025 2178 2068 The

235 2120 353 2171 Earl,
376 2120 422 2161 in
443 2120 557 2175 plate
579 2134 760 2172 armour,
781 2119 854 2161 the
875 2119 973 2162 base
995 2120 1040 2162 of
1060 2135 1085 2162 a
1106 2122 1214 2162 orest
1243 2119 1484 2174 remaining
1517 2133 1570 2160 on
1603 2118 1670 2160 his
1703 2118 1840 2159 closed
1867 2117 2039 2168 helmet,
2068 2116 2180 2159 rides

235 2216 280 2254 to
295 2211 368 2253 the
381 2226 532 2266 proper
544 2211 674 2267 right.
738 2210 828 2253 The
851 2226 962 2253 arms
983 2226 1037 2253 on
1057 2211 1124 2253 his
1145 2211 1281 2253 shield
1302 2226 1371 2252 are
1392 2209 1667 2265 Beauchamp
1681 2208 1787 2250 with
1803 2224 1827 2250 a
1842 2211 2026 2251 crescent
2039 2223 2093 2251 on
2108 2207 2180 2250 the

236 2303 332 2355 sess,
355 2303 439 2344 and
460 2303 500 2344 le
513 2302 764 2357 Despenser‚
782 2302 1011 2357 quarterly.
1075 2302 1142 2344 On
1159 2302 1231 2344 the
1247 2317 1409 2344 reverse
1430 2316 1455 2343 a
1470 2300 1796 2356 heater-shaped
1817 2300 1953 2342 shield
1971 2299 2090 2342 bears
2107 2299 2181 2342 the

238 2409 350 2436 same
371 2408 483 2435 arms
504 2408 606 2446 very
625 2392 774 2447 boldly
796 2396 877 2434 cut.
941 2392 1032 2435 The
1053 2393 1138 2434 seal
1158 2392 1297 2448 hangs
1317 2392 1375 2447 by
1396 2407 1420 2433 a
1440 2391 1689 2448 parchment
1708 2390 1833 2433 label.
1896 2390 1987 2432 The
2018 2390 2181 2433 charter

235 2485 270 2526 is
290 2484 336 2526 in
356 2483 434 2526 but
454 2482 656 2525 tolerable
677 2483 905 2526 condition.
968 2483 1060 2525 The
1079 2484 1155 2525 ink
1176 2483 1211 2525 is
1231 2483 1326 2538 pale
1359 2483 1442 2524 and
1476 2481 1755 2536 occasionally
1790 2480 1953 2524 rubbed
1986 2480 2057 2532 off,
2094 2480 2181 2522 and

234 2575 307 2617 the
327 2573 572 2616 membrane
593 2574 628 2616 is
647 2574 692 2616 in
713 2574 830 2616 holes
850 2578 894 2616 at
913 2574 987 2617 the
1007 2574 1209 2630 foldings.
