2386 3645
285 307 395 348 1188

1014 506 1381 569 DecchVHI.

228 636 619 680 INSPEXIMUS
670 636 804 679 AND
856 632 1241 678 RECITATION
1291 631 1378 673 BY
1427 629 1596 673 JOHN
1645 630 1730 672 DE
1782 630 2162 682 MOUMBRAY,

370 727 538 771 LORD
587 727 673 770 DE
724 726 963 776 GOWER,
1016 724 1093 767 OF
1132 722 1176 764 A
1221 719 1522 763 OHARTER
1572 719 1659 762 BY
1709 720 1950 771 HENRY,
1992 720 2164 763 EARL

371 817 449 860 OF
513 816 840 868 WARWIOK,
901 815 977 858 ΤΟ
1047 811 1269 856 ΝΕΑΤΗ
1328 810 1557 862 ΑΒΒΕῩ,
1621 810 1698 853 OF
1769 810 1811 853 A
1880 810 2162 854 FISHERY

372 908 596 951 UNDER
637 904 994 956 PULCANAN,
1036 904 1140 946 ETc.

553 1015 705 1072 [Corn.
739 1013 843 1056 ΤοΡ.
877 1027 932 1054 ET
963 1011 1182 1062 GENEAL„
1216 1009 1340 1051 1837.
1420 1008 1531 1052 Vm„
1564 1007 1662 1060 IV„
1694 1023 1736 1064 p.
1768 1007 1861 1064 29]

1266 1117 1319 1158 16
1350 1116 1550 1158 AUGUsT.
1613 1117 1638 1157 8
1669 1115 1797 1157 Enw.
1831 1114 1922 1157 ΙΙΙ.
1986 1115 2109 1156 1334.

284 1231 428 1274 Sciant
457 1233 668 1286 presentes
697 1231 739 1271 et
766 1227 903 1270 futuri
934 1227 1047 1283 quod
1078 1240 1154 1268 nos
1182 1224 1212 1268 J
1215 1239 1426 1267 OHANNES
1454 1225 1507 1267 de
1527 1223 1793 1266 MOUMBRAY
1814 1223 2011 1266 dominus
2030 1222 2168 1265 insule

228 1322 281 1364 de
302 1322 588 1364 HAxffloLME
610 1319 779 1362 honoris
799 1320 851 1361 de
872 1318 1099 1360 Bmmmm
1121 1319 1162 1358 et
1176 1317 1229 1358 de
1247 1315 1494 1358 GOUHERIA
1510 1315 1772 1371 inspeximus
1788 1319 1947 1356 cartam
1963 1313 2169 1355 HEchx

224 1413 440 1470 quondam
461 1411 623 1454 comitis
643 1412 695 1453 de
716 1409 942 1453 WARWYK
962 1412 1005 1451 et
1025 1407 1193 1450 domini
1216 1406 1461 1449 Gonmanm
1482 1406 1528 1448 in
1548 1405 1625 1448 1166
1645 1404 1773 1447 verba
1791 1420 1861 1447 2-

371 1502 536 1546 ‘Seiant
548 1505 760 1558 presentes
773 1504 814 1543 et
827 1500 964 1542 futuri
977 1500 1091 1554 quod
1107 1513 1187 1555 ego
1201 1497 1443 1540 HENRICUS
1458 1511 1595 1539 comes
1607 1497 1660 1538 de
1674 1496 1900 1539 WARWYK
1913 1500 1955 1538 et
1972 1495 2169 1538 dominus

312 1596 364 1637 de
387 1594 638 1638 GOUWERIA
658 1593 712 1635 do
733 1595 776 1634 et
800 1592 1000 1634 confirmo
1030 1590 1126 1633 Deo
1157 1592 1200 1632 et
1231 1589 1429 1632 abbathie
1451 1589 1503 1631 de
1523 1587 1569 1631 N
1572 1602 1692 1630 EETH
1712 1592 1755 1629 et
1775 1586 1992 1629 monachis
2010 1586 2170 1628 ibidem

311 1685 404 1728 Deo
425 1683 702 1726 servientibus
722 1698 852 1725 unam
879 1682 1103 1739 piscariam
1123 1680 1255 1723 desub
1276 1680 1525 1722 PULCANAN
1547 1694 1676 1735 quam
1697 1678 1945 1720 RANULFUS
1964 1676 2170 1719 heremita

312 1777 527 1832 quondam
566 1774 706 1817 tenuit
748 1808 755 1815 .
799 1774 860 1815 Et
898 1772 1141 1815 libertatem
1184 1771 1377 1828 piscandi
1417 1774 1459 1813 et
1498 1770 1630 1827 pisces
1671 1768 1865 1825 capiendi
1904 1770 1946 1811 et
1983 1767 2171 1810 habendi

311 1866 599 1922 cujuscunque
632 1864 798 1921 generis
832 1863 994 1906 fuerint
1028 1863 1186 1919 ubique
1218 1863 1330 1905 inter
1362 1862 1610 1905 PULCANAN
1649 1864 1691 1904 et
1722 1876 1876 1916 aquam
1906 1862 1958 1903 de
1995 1859 2169 1902 TAUWY

311 1972 407 2000 cum
437 1956 597 1999 retibus
619 1958 660 1998 et
684 1955 778 1998 aliis
799 1955 985 2011 ingeniis
1014 1957 1142 2011 prout
1162 1954 1317 1996 melius
1338 1953 1419 1996 sibi
1439 1952 1595 1996 viderit
1615 1952 1814 2007 expedire
1835 1950 1952 1993 omni
1981 1953 2170 2005 tempore

310 2048 413 2091 anni
454 2081 463 2090 .
506 2047 567 2090 Et
606 2047 783 2089 liberam
817 2046 1037 2088 licenciam
1077 2045 1350 2087 construendi
1391 2048 1433 2086 et
1472 2043 1644 2086 levandi
1688 2057 1819 2084 unam
1859 2041 2078 2098 gurgitem
2117 2056 2171 2082 ex

310 2142 546 2182 transverso
574 2138 766 2194 ejusdem
796 2152 903 2193 aque
935 2138 987 2179 de
1019 2137 1194 2179 TAUWY
1223 2152 1248 2178 a
1278 2138 1391 2178 terra
1425 2150 1571 2177 eorum
1611 2134 1726 2189 apud
1768 2132 2060 2175 GLYNTAUWY
2089 2146 2171 2187 que

310 2233 485 2274 vocatur
513 2230 809 2272 ENYSUMWEN
840 2243 973 2284 usque
1004 2229 1059 2270 ad
1090 2228 1258 2270 firmam
1289 2230 1332 2269 et
1362 2227 1514 2269 siccam
1534 2228 1691 2268 terram
1711 2225 1764 2266 de
1785 2223 2050 2265 Gomvmm.
2112 2221 2172 2264 Et

313 2323 425 2378 quod
447 2321 632 2364 habeant
653 2320 783 2363 iidem
803 2319 1000 2363 monachi
1022 2322 1064 2361 et
1088 2334 1234 2362 eorum
1254 2332 1507 2361 successores
1527 2319 1662 2359 totam
1682 2315 1960 2371 piscacionem
1981 2313 2173 2369 ejusdem

316 2427 423 2468 aque
443 2416 533 2454 tam
553 2427 606 2454 ex
626 2415 745 2467 parte
766 2413 876 2453 terre
906 2426 998 2453 mee
1028 2411 1081 2452 de
1113 2410 1367 2452 GOUWERIA
1398 2423 1526 2465 quam
1556 2423 1609 2450 ex
1638 2410 1757 2463 parte
1787 2409 1896 2448 terre
1926 2420 2071 2447 eorum
2101 2420 2175 2460 per

316 2503 601 2560 quadraginta
627 2502 852 2559 perticatas
882 2517 934 2544 ex
961 2503 1142 2557 utraque
1174 2503 1294 2556 parte
1323 2503 1432 2542 terre
1463 2499 1575 2542 dicte
1597 2497 1794 2554 gurgitis.
1856 2496 2055 2538 Preterea
2076 2510 2173 2538 con-

317 2596 417 2639 cedo
445 2597 486 2637 et
515 2594 715 2637 confirmo
740 2592 941 2649 predictis
969 2592 1186 2635 monachis
1215 2595 1353 2634 totam
1382 2591 1504 2633 illam
1535 2588 1813 2632 donacionem
1837 2602 1966 2643 quam
1992 2586 2090 2629 fecit
2117 2586 2176 2628 eis

318 2686 558 2729 HEchus
575 2686 626 2727 de
646 2684 819 2728 VILERS
839 2683 886 2726 in
901 2684 1026 2726 feodo
1047 2684 1099 2726 de
1122 2682 1333 2725 TALBONT
1353 2681 1551 2725 videlicet
1565 2683 1702 2723 totam
1717 2683 1873 2721 terram
1886 2692 1967 2734 que
1988 2680 2050 2720 est
2066 2677 2178 2720 inter

318 2777 396 2820 hos
449 2779 631 2832 quatuor
671 2775 872 2818 terminos
911 2775 964 2818 ab
1005 2774 1255 2817 occidentali
1296 2776 1417 2830 parte
1457 2787 1565 2828 aque
1605 2772 1657 2813 de
1697 2769 1880 2821 LOHOT3
1929 2783 1955 2811 a
2003 2768 2178 2811 meridie

316 2868 479 2910 rivulus
506 2867 580 2922 qui
609 2869 782 2909 vocatur
812 2865 1039 2910 WmumN
1071 2868 1113 2908 et
1141 2881 1166 2907 a
1196 2865 1333 2920 capite
1359 2864 1476 2906 illius
1502 2862 1632 2905 rivuli
1661 2861 1918 2903 indirectum
1949 2874 2082 2915 usque
2121 2859 2177 2902 ad

320 2959 477 3001 fossam
504 2973 585 3013 que
620 2961 682 3000 est
715 2956 792 2999 sub
823 2956 1088 2999 PREDEWEN
1119 2959 1161 2999 et
1196 2956 1296 2998 inde
1330 2970 1462 3011 usque
1492 2955 1548 2997 ad
1581 2952 1823 3009 proximum
1850 2950 2038 2994 rivulum
2073 2951 2180 2994 sicut

323 3050 437 3092 idem
469 3048 632 3091 rivulus
664 3048 778 3091 cadit
808 3048 854 3090 in
887 3046 991 3099 Lw,
1019 3046 1073 3090 ab
1100 3047 1301 3090 'orientali
1326 3049 1448 3102 parte
1475 3060 1584 3101 aque
1612 3043 1716 3096 L1v,
1745 3041 1798 3085 ab
1831 3041 2065 3098 aquilonali
2095 3042 2181 3084 duo
