2386 3645
1930 298 2042 341 1257

141 492 207 534 Γ(16
238 506 350 533 anno
380 491 426 532 in
458 505 620 533 annum
650 491 719 533 die
750 489 891 533 obitus
921 492 986 534 sui
1007 494 1075 535 vel
1096 494 1290 549 proximo
1310 497 1378 539 die
1400 502 1600 553 sequente
1622 515 1705 555 quo
1727 504 1985 547 commodius
2006 506 2097 548 fieri
2138 515 2148 524 “

152 582 309 639 poterit
341 581 430 624 sine
466 581 626 623 ordinis
657 582 792 623 nostri
820 582 1052 625 offensione
1076 617 1084 626 .
1108 586 1214 627 adeo
1243 587 1514 643 solempniter
1540 592 1582 631 et
1607 591 1756 633 devote
1777 593 1884 635 sicut
1903 595 2099 638 anniver-

143 673 311 716 sarium
343 671 526 728 alicujus
561 671 726 714 abbatis
758 673 909 715 domus
944 675 1130 729 predicte
1163 691 1237 731 per
1272 692 1348 719 nos
1378 678 1470 720 fieri
1502 680 1663 723 solebat
1683 684 1912 725 secundum
1941 685 2099 728 ordinis

151 763 513 807 constitucionem.
573 762 649 805 Ad
683 765 794 818 quod
830 764 1004 820 quidem
1036 766 1372 811 anniversarium
1410 770 1461 811 de
1502 785 1614 813 anno
1644 772 1691 814 in
1726 788 1888 816 annum
1925 780 1971 817 ut
2005 791 2097 832 pre-

150 854 338 897 mittitur
388 854 570 896 fideliter
618 854 864 896 faciendum
904 855 1144 912 obligamus
1194 873 1270 901 nos
1311 862 1353 901 et
1392 875 1643 904 successores
1681 867 1846 906 nostros
1885 868 2016 908 terras
2056 875 2097 910 et

150 948 394 988 tenementa
423 945 535 987 bona
570 948 612 988 et
653 946 805 987 catella
836 949 980 988 nostra
1008 948 1264 991 districcioni
1292 953 1334 992 et
1360 951 1596 994 cohercioni
1627 954 1914 1011 cujuscunque
1943 956 2098 1012 judicis

137 1037 415 1080 ecclesiastici
456 1052 529 1078 seu
564 1037 761 1079 secularis
796 1038 1124 1093 imperpetuum.
1197 1040 1258 1083 Et
1294 1041 1328 1083 si
1368 1042 1590 1100 contingat
1629 1059 1704 1086 nos
1743 1046 1812 1088 vel
1850 1062 2099 1091 successores

148 1131 313 1171 nostros
343 1129 395 1170 de
426 1129 616 1184 predicto
647 1129 936 1172 anniversario
967 1132 1018 1172 de
1050 1147 1163 1174 anuo
1194 1132 1239 1174 in
1270 1148 1430 1176 annum
1463 1135 1654 1177 faciendo
1677 1151 1834 1179 cessare
1856 1139 1969 1193 quod
1989 1139 2097 1182 absit

149 1219 346 1262 volumus
388 1224 430 1261 et
471 1220 738 1262 concedimus
778 1236 853 1276 pro
894 1221 1015 1263 nobis
1055 1228 1097 1264 et
1134 1224 1437 1266 successoribus
1476 1226 1630 1267 nostris
1661 1227 1795 1268 teneri
1837 1230 1879 1269 et
1918 1228 2098 1286 obligari

148 1311 374 1354 heredibus
405 1311 508 1353 dicti
529 1311 691 1353 domini
714 1311 941 1354 EDWARDI
959 1314 1003 1354 in
1026 1318 1195 1356 centum
1212 1315 1355 1357 solidis
1377 1317 1544 1372 argenti
1560 1317 1731 1359 nomine
1752 1319 1849 1373 puri
1870 1319 2002 1361 debiti
2025 1354 2033 1362 .
2057 1323 2099 1363 et

144 1403 193 1445 in
214 1403 308 1444 aliis
329 1407 501 1445 centum
523 1404 666 1445 solidis
687 1404 860 1447 domino
884 1404 1199 1448 GLADMORGAN
1224 1407 1298 1462 qui
1325 1422 1400 1462 pro
1422 1412 1610 1464 tempore
1631 1409 1760 1451 fuerit
1794 1444 1801 1452 .
1836 1410 2096 1454 Solvendum

147 1495 305 1538 eisdem
332 1495 558 1537 heredibus
586 1499 628 1537 et
655 1497 827 1538 domino
855 1497 969 1538 infra
1001 1513 1189 1540 mensem
1218 1500 1332 1554 apud
1363 1498 1568 1541 Sanctum
1590 1500 1819 1543 DONATUM
1843 1535 1851 1544 .
1875 1506 2098 1557 postquam

148 1586 447 1628 cessaverimus
487 1602 512 1628 a
563 1586 845 1629 celebracione
896 1589 1174 1630 anniversarii
1215 1591 1445 1645 supradicti
1486 1596 1528 1632 et
1567 1592 1619 1633 de
1658 1591 1737 1633 hoc
1785 1593 1867 1634 rite
1916 1594 2096 1635 convicti

147 1676 356 1718 fuerimus
389 1692 528 1719 coram
554 1678 695 1733 aliquo
732 1679 784 1720 de
816 1679 1032 1734 judicibus
1053 1681 1295 1722 memoratis
1318 1715 1325 1723 .
1358 1696 1482 1736 quem
1503 1681 1633 1723 iidem
1655 1682 1827 1724 heredes
1853 1684 1920 1725 vel
1949 1684 2101 1739 aliquis

145 1783 295 1811 eorum
317 1768 495 1810 dixerit*
518 1784 591 1810 seu
617 1769 826 1811 dixerint*
858 1770 1104 1826 eligendum
1135 1771 1258 1827 cujus
1287 1772 1576 1827 jurisdiccioni
1607 1774 1812 1815 coercioni
1843 1775 2100 1817 districcioni

143 1859 440 1902 submittimus
466 1875 543 1902 nos
574 1860 618 1902 in
650 1860 729 1902 hac
750 1865 870 1916 parte
894 1896 901 1903 .
925 1862 1003 1903 hac
1025 1862 1286 1918 obligacione
1308 1863 1449 1918 penali
1471 1879 1633 1919 semper
1660 1868 1752 1906 rata
1772 1868 1983 1907 manente.
2045 1865 2101 1908 In

149 1951 273 2007 cujus
292 1952 354 1993 rei
375 1951 669 1993 testimonium
697 1953 889 2008 sigillum
910 1958 1102 1995 nostrum
1125 1969 1210 1995 una
1231 1970 1326 1996 cum
1349 1954 1489 2010 sigillo
1511 1958 1744 1997 conventus
1764 1956 1897 1997 nostri
1917 1957 2095 2011 predicti

148 2043 334 2098 presenti
351 2043 505 2098 scripto
518 2047 619 2084 sunt
631 2042 883 2099 a[p]pensa.
919 2043 1022 2086 Hiis
1035 2044 1214 2086 testibus
1231 2079 1238 2087 .
1255 2045 1442 2087 Domino
1458 2045 1689 2087 GILBERTO
1703 2047 1754 2087 de
1772 2046 2071 2089 TURBIRVILL'
2090 2080 2099 2089 .

150 2133 365 2176 HEcho
401 2135 453 2175 de
489 2134 818 2176 UNFRAMVILL'
856 2168 864 2177 .
901 2135 1088 2178 Roomo
1121 2137 1173 2177 de
1210 2136 1475 2177 BERKEROL’
1512 2171 1520 2178 .
1553 2136 1771 2179 JOHANNE
1808 2138 1858 2179 de
1891 2137 2058 2179 AVENE
2091 2172 2100 2180 .

148 2225 368 2269 JOHANNE
405 2226 457 2267 de
492 2224 746 2267 LANGETON
768 2226 976 2268 militibus
1000 2261 1008 2268 .
1032 2227 1252 2269 JOHANNE
1285 2228 1324 2268 le
1345 2227 1560 2269 NoRREYs
1594 2261 1602 2268 .
1635 2227 1834 2269 MATHEO
1869 2229 1909 2270 le
1937 2228 2056 2271 som
2092 2262 2100 2271 .

146 2317 368 2360 JOHANNE
399 2318 451 2358 de
483 2319 618 2358 ANNE
653 2350 661 2358 .
689 2317 909 2359 JOHANNE
945 2318 1093 2360 clerico
1126 2319 1178 2360 de
1208 2317 1498 2360 LANYLTWYT
1530 2352 1539 2360 .
1572 2318 1791 2361 JOHANNE
1825 2319 1863 2360 le
1905 2319 2054 2362 WARE
2088 2353 2096 2361 .

149 2407 369 2451 JOHANNE
391 2409 444 2449 de
464 2408 506 2449 la
527 2407 688 2449 BROKE
713 2441 721 2450 .
745 2407 774 2449 J
777 2423 965 2450 oHANNE
989 2408 1207 2451 CLEMENT
1231 2442 1239 2450 .
1262 2409 1477 2450 HENRmo
1498 2409 1744 2451 quaoxs
1767 2442 1776 2450 .
1799 2412 1840 2451 et
1861 2409 1966 2450 aliis.

209 2499 374 2541 Datum
399 2499 514 2554 apud
541 2499 846 2540 monasterium
871 2503 1064 2541 nostrum
1097 2500 1335 2555 predictum
1363 2500 1560 2541 vicesimo
1591 2500 1659 2540 die
1686 2500 1842 2541 mensis
1873 2499 2065 2541 Octobris
2088 2533 2096 2542 .

137 2605 262 2633 anno
303 2590 466 2632 domini
499 2589 726 2631 millesimo
750 2590 1044 2632 trecentesimo
1078 2590 1400 2646 quadragesimo
1421 2590 1558 2645 primo
1582 2623 1590 2631 .
1614 2592 1656 2632 et
1681 2604 1792 2631 anno
1819 2590 1941 2645 regni
1968 2589 2100 2646 Regis

140 2683 373 2725 *EDWARDI
394 2681 513 2723 tercii
534 2684 630 2736 post
650 2687 928 2736 conquestum
950 2682 1099 2737 quinto
1121 2682 1294 2723 decimo.

208 2772 306 2816 Seal
326 2772 532 2828 wanting.

206 2863 502 2906 Endorsed——‘
521 2862 654 2918 Copia
674 2863 727 2905 de
748 2862 1012 2904 oracionibus
1029 2863 1234 2904 faciendis
1254 2878 1329 2918 per
1348 2862 1544 2904 abbatem
1565 2863 1617 2903 de
1637 2861 1683 2903 N
1687 2860 1806 2903 ETH.'

207 2946 255 2976 St.
270 2946 406 2983 Donats,
422 2946 455 2974 in
472 2946 616 2981 1153-88‚
631 2945 694 2974 had
709 2954 728 2973 a
743 2945 867 2983 chapeL
883 2946 946 2974 and
971 2955 1006 2974 as
1032 2954 1074 2974 no
1099 2945 1220 2974 church
1235 2945 1261 2974 is
1276 2944 1470 2982 mentioned,
1486 2944 1512 2973 it
1526 2953 1590 2973 was
1600 2943 1758 2981 probably
1773 2946 1831 2972 not
1840 2942 1918 2972 then
1932 2952 1951 2971 a
1966 2942 2084 2980 parish.

158 3002 314 3032 Whether
335 3001 424 3031 will.
445 3001 483 3030 de
505 3000 552 3030 St.
575 3001 710 3039 Donats,
725 3001 833 3030 whose
848 3010 941 3030 name
953 3010 1064 3030 occurs
1077 3001 1109 3030 in
1127 3001 1310 3038 1196-1218,
1325 3010 1391 3029 was
1407 3010 1424 3029 a
1441 3000 1582 3038 layman,
1597 3008 1632 3028 or
1647 3008 1665 3027 a
1681 2999 1780 3036 priest
1796 2998 1985 3035 designated
2000 2998 2085 3028 from

149 3058 210 3087 'his
225 3067 309 3095 cure,
323 3058 350 3087 is
367 3056 547 3086 uncertain.

293 3179 372 3214 711
