2386 3645
323 289 434 331 1442

1095 647 1388 691 MLXXXV.

259 754 476 800 GRANT
511 753 599 797 BY
633 752 924 798 WILLIAM
954 754 1089 797 AND
1118 754 1308 798 ALIGE
1341 754 1425 797 DE
1456 754 1542 797 LA
1568 753 1750 796 MARE
1782 753 1861 796 OF
1892 752 2209 806 SWANSEA,

403 845 479 889 ΤΟ
511 845 648 889 DOM
671 880 678 887 .
702 845 732 888 J
736 844 872 888 OHN
905 845 1092 897 DYAR,
1128 845 1471 897 OHAPLAIN,
1508 845 1586 887 OF
1616 845 1661 887 A
1695 843 1871 886 HALF
1904 842 2211 887 BURGAGE

401 936 475 980 IN
515 935 751 979 FISHER
791 935 1043 978 STREET.

1114 1025 1189 1083 [G.
1213 1026 1265 1069 G.
1289 1025 1365 1083 E]

1407 1118 1458 1159 31
1494 1117 1594 1160 Gor,
1656 1118 1682 1159 2
1716 1117 1841 1160 ΗΕΝ.
1878 1117 1959 1161 IV.
2025 1118 2149 1160 1400.

313 1227 460 1271 Sciant
490 1228 705 1282 presentes
733 1228 775 1268 et
802 1225 940 1267 futuri
970 1226 1085 1281 quod
1109 1240 1186 1267 nos
1216 1225 1502 1269 WILLELMUS
1539 1226 1590 1267 de
1623 1225 1665 1267 la
1700 1225 1813 1267 MAR
1844 1226 1897 1268 de
1931 1225 2133 1268 SwEst'
2168 1229 2211 1268 et.

247 1316 411 1360 Amcm
434 1331 542 1359 uxor
561 1331 657 1358 mea
678 1316 873 1358 dedimus
889 1315 1168 1357 concessimus
1185 1318 1228 1357 et
1249 1315 1327 1356 hac
1350 1316 1536 1371 presenti
1559 1319 1673 1358 carta
1699 1318 1845 1358 nostra
1866 1316 2209 1358 confirmavimus

251 1408 424 1450 domino
445 1407 475 1450 J
477 1421 655 1449 OHANNI
677 1406 812 1449 DYAR
833 1406 1049 1462 capellano
1070 1407 1122 1448 de
1143 1407 1292 1448 eadem
1314 1406 1417 1448 villa
1437 1407 1710 1448 medietatem
1738 1406 1866 1449 unius
1886 1406 2088 1463 burgagii
2110 1422 2208 1449 cum

251 1498 527 1555 pertinenciis
555 1498 641 1540 suis
661 1498 706 1539 in
728 1498 830 1539 villa
850 1497 1039 1553 predicta
1058 1496 1246 1553 jacentes
1266 1497 1313 1539 in
1334 1497 1448 1541 Vico
1469 1497 1756 1539 P1scATORUM
1777 1497 1891 1540 inter
1916 1501 2211 1541 tenementum

252 1589 448 1645 magistri
482 1589 702 1645 hospitalis
733 1588 847 1631 beati
891 1589 1047 1631 DAvm
1076 1589 1129 1630 de
1159 1587 1362 1630 SWEYNs⁷
1399 1604 1453 1631 ex
1487 1592 1608 1645 parte
1643 1588 1803 1631 boreali
1838 1591 1881 1631 et
1914 1591 2211 1632 tenementum

249 1680 353 1723 dicti
384 1679 548 1722 domini
579 1679 607 1723 J
611 1694 811 1721 OHANNIS
842 1695 896 1721 ex
926 1682 1045 1735 parte
1073 1680 1250 1722 australi
1278 1683 1321 1722 et
1343 1680 1538 1722 extendit
1565 1695 1608 1722 se
1635 1680 1682 1722 in
1706 1680 1979 1737 longitudine
2000 1682 2053 1722 de
2074 1680 2211 1736 regali

247 1772 318 1814 via
358 1787 411 1814 ex
451 1774 571 1827 parte
613 1771 813 1813 orientali
851 1786 986 1826 usque
1021 1772 1076 1814 ad
1125 1774 1419 1814 tenementum
1460 1771 1692 1814 J011ANNIS
1732 1771 1936 1815 WILLYM
1988 1787 2041 1813 ex
2091 1776 2213 1828 parte

249 1862 512 1906 occidentali.
605 1861 872 1905 Habendum
912 1866 954 1906 et
993 1863 1229 1905 tenendum
1275 1863 1511 1919 predictam
1558 1862 1831 1905 medietatem
1874 1862 2076 1919 burgagii
2116 1878 2213 1905 cum

251 1954 448 1997 omnibus
469 1954 555 1996 suis
575 1954 847 2010 pertinentiis
874 1955 1064 2010 predicto
1096 1955 1270 1997 domino
1300 1954 1329 1997 J
1332 1969 1510 1996 OHANNI
1538 1954 1764 1997 heredibus
1796 1957 1840 1997 et
1869 1955 2096 2011 assignatis
2128 1955 2217 1997 suis

248 2045 380 2088 libere
411 2048 454 2087 et
481 2045 527 2087 in
554 2060 656 2101 pace
692 2045 744 2088 de
780 2045 955 2101 capitali
981 2045 1154 2088 domino
1185 2046 1237 2088 de
1268 2045 1471 2089 SWEYNs'
1502 2060 1577 2102 per
1612 2045 1804 2088 redditus
1840 2048 1884 2088 et
1908 2045 2083 2088 servicia
2110 2046 2212 2088 inde

252 2135 396 2179 debita
417 2138 460 2178 et
480 2138 694 2178 consueta.
760 2135 820 2178 Et
840 2151 916 2178 nos
936 2152 1034 2179 vero
1055 2136 1234 2192 predicti
1262 2136 1548 2180 WILLELMUS
1570 2139 1612 2178 et
1632 2136 1797 2178 ALICIA
1819 2138 1861 2178 et
1881 2136 2057 2179 heredes
2076 2135 2212 2179 nostri

253 2227 487 2283 predictam
528 2227 802 2270 medietatem
851 2227 1053 2284 burgagii
1103 2243 1200 2270 011111
1239 2228 1509 2284 pertinentiis
1557 2228 1724 2284 prefato
1774 2228 1948 2271 domino
1997 2229 2027 2271 J
2030 2243 2209 2272 OHANNI

250 2317 478 2361 heredibus
507 2321 549 2360 et
577 2318 803 2374 assignatis
831 2319 916 2361 suis
944 2322 1090 2361 contra
1111 2334 1256 2361 omnes
1277 2322 1426 2375 gentes
1454 2318 1824 2362 warantizabimus
1856 2322 1899 2362 et
1927 2319 2209 2363 defendemus

254 2408 585 2465 imperpetuum.
661 2408 718 2451 In
752 2409 820 2465 cuj
826 2424 875 2452 us
902 2410 964 2452 rei
989 2410 1281 2452 testimonium
1304 2409 1571 2467 presentibus
1598 2410 1741 2467 sigilla
1761 2414 1906 2453 nostra
1926 2411 2213 2468 apposuimus.

252 2499 356 2542 Hiis
386 2498 565 2542 testibus
586 2533 595 2541 .
619 2499 648 2542 J
651 2514 839 2542 OHANNE
869 2500 1064 2543 HORTON
1088 2535 1096 2543 .
1120 2500 1290 2544 THOMA
1326 2500 1488 2544 OANAN
1523 2501 1685 2544 seniore
1708 2535 1716 2544 .
1740 2501 1770 2544 J
1772 2516 1961 2544 OHANNE
1999 2502 2177 2545 GOTTON
2202 2535 2210 2544 .

255 2590 515 2635 WILLELMO
535 2591 689 2634 BARSE
713 2625 721 2634 .
747 2590 952 2634 RmARno
972 2592 1153 2634 RmARD
1175 2595 1217 2635 et
1238 2592 1345 2634 aliis.

312 2681 429 2724 Data
449 2683 565 2738 apud
586 2681 784 2725 SwEYNs'
807 2682 854 2724 in
878 2682 1030 2739 vigilia
1054 2682 1247 2725 omnium
1279 2685 1521 2726 sanctorum
1551 2698 1663 2726 anno
1694 2683 1819 2740 regni
1849 2683 1984 2740 Regis
2013 2683 2220 2726 HEchx

258 2772 399 2828 quarti
421 2775 516 2828 post
537 2775 815 2829 conquestum
836 2775 1030 2816 secundo.

316 2861 400 2905 Slit
420 2862 488 2906 for
503 2878 583 2906 one
603 2863 728 2916 label,
749 2863 902 2916 which,
923 2864 1030 2907 with
1048 2864 1122 2907 the
1143 2865 1243 2918 seal,
1265 2865 1302 2907 is
1322 2865 1528 2921 wanting.
