2386 3645
1893 318 2001 358 1451

1015 595 1190 638 ΜΧΟΙ.

122 705 343 749 GRANT
418 704 505 748 BY
574 703 764 747 ALIGE
831 702 1138 753 GHARLES,
1198 702 1434 746 WIDOW
1495 702 1573 745 OF
1632 702 1923 746 WILLIAM
1986 704 2072 748 DE

275 795 598 848 LAMEARE,
650 794 726 838 ΤΟ
780 793 1063 837 EDWARD
1107 793 1192 835 DE
1238 792 1633 846 STRADLYNG,
1680 793 1758 836 OF
1807 793 1851 836 A
1900 794 2075 837 HALF

273 877 579 922 BURGAGE
616 877 689 920 IN
721 876 1039 921 SWANSEA.

988 983 1062 1040 [G.
1089 983 1141 1026 Gr.
1164 982 1240 1040 R]

1268 1092 1322 1133 20
1354 1090 1477 1133 MAR.
1541 1092 1566 1131 3
1597 1089 1723 1132 ΗΕΝ.
1756 1089 1837 1132 IV.
1903 1091 2024 1132 1402.

189 1200 336 1244 Sciant
366 1203 581 1256 presentes
611 1204 651 1242 et
683 1199 821 1242 futuri
853 1200 967 1255 quod
1007 1214 1086 1255 ego
1122 1199 1288 1241 ALICIA
1324 1198 1535 1241 CHARLES
1573 1198 1721 1240 relicta
1754 1197 2004 1240 WILLELM1
2035 1198 2087 1239 de

137 1292 359 1335 DAMEARE
400 1291 500 1334 dedi
542 1291 725 1334 concessi
766 1294 808 1332 et
847 1290 927 1332 hac
967 1290 1152 1345 presenti
1193 1293 1308 1332 carta
1347 1304 1442 1331 mea
1482 1288 1732 1331 confirmavi
1772 1287 2005 1330 EDWARDO
2037 1289 2089 1330 de

130 1381 420 1426 STRADLYNG'
444 1381 719 1424 medietatem
748 1381 877 1423 unius
907 1381 1109 1437 burgagii
1139 1380 1319 1436 jacentis
1360 1380 1405 1422 in
1445 1379 1550 1422 villa
1589 1380 1642 1421 de
1680 1378 1958 1422 SWEYNESEY
1978 1379 2089 1421 inter

134 1476 430 1517 tenementum
453 1472 679 1516 WALTERI
702 1472 858 1515 DAvm
880 1487 933 1514 ex
953 1474 1073 1528 parte
1093 1487 1180 1513 una
1200 1474 1242 1514 et
1264 1474 1556 1513 tenementum
1587 1469 1839 1512 WILLELMI
1869 1468 2093 1512 SKYNNER

133 1580 188 1608 ex
208 1568 329 1620 parte
351 1565 485 1606 altera
505 1564 629 1620 cujus
650 1563 747 1606 finis
770 1563 965 1605 extendit
985 1578 1027 1605 se
1050 1578 1176 1619 super
1196 1577 1351 1617 aquam
1372 1563 1425 1604 de
1447 1561 1590 1604 TAWY
1611 1564 1654 1603 et
1679 1561 1812 1603 altera
1842 1561 1939 1602 finis
1969 1575 2093 1616 super

135 1657 270 1699 altam
300 1660 478 1698 stratam
508 1660 550 1698 et
581 1670 714 1697 unam
746 1670 886 1697 acram
915 1658 1026 1697 terre
1057 1658 1099 1697 et
1129 1654 1353 1696 dimidiam
1383 1653 1594 1709 jacentem
1622 1653 1668 1694 in
1689 1653 1750 1694 les
1771 1652 2021 1694 REnY-NGEZ
2041 1653 2094 1694 de

138 1747 417 1790 SWEYNESEY
436 1747 549 1789 inter
567 1751 725 1788 terram
749 1746 999 1789 WILLELMI
1022 1745 1255 1788 TAILLOUR
1276 1760 1329 1787 ex
1348 1747 1469 1800 parte
1491 1758 1579 1786 una
1606 1746 1648 1785 et
1679 1747 1835 1785 terram
1864 1742 1894 1785 J
1896 1757 2095 1785 OHANNIS

139 1837 349 1882 HORTON'
372 1853 424 1880 ex
447 1838 581 1880 altera
602 1840 735 1893 parte.
802 1836 1068 1879 Habendum
1089 1840 1132 1878 et
1151 1836 1385 1879 tenendum
1405 1835 1594 1891 predicto
1615 1834 1849 1876 EDWARDO
1869 1833 2096 1876 heredibus

135 1933 181 1972 et
202 1929 430 1985 assignatis
451 1929 538 1970 suis
557 1928 878 1984 imperpetuum
908 1929 1104 1970 faciendo
1135 1926 1306 1982 capitali
1338 1926 1510 1968 domino
1540 1925 1656 1967 feodi
1685 1925 1802 1966 iliius
1830 1925 2023 1966 redditus
2053 1926 2096 1966 et

138 2020 314 2063 servicia
334 2020 435 2062 inde
456 2018 601 2062 debita
621 2022 665 2061 et
685 2020 737 2062 de
761 2019 856 2075 jure
878 2022 1088 2061 consueta.
1151 2017 1211 2059 Et
1233 2032 1312 2073 ego
1332 2031 1431 2059 vero
1451 2016 1641 2072 predicta
1670 2016 1835 2057 ALICIA
1856 2018 1898 2057 et
1922 2015 2096 2057 heredes

139 2112 224 2154 mei
244 2113 481 2168 predictam
500 2112 780 2155 medietatem
799 2111 1001 2168 burgagii
1023 2115 1066 2152 et
1085 2125 1217 2152 unam
1238 2123 1378 2152 acram
1408 2111 1519 2150 terre
1550 2110 1592 2150 et
1623 2106 1847 2148 dimidiam
1877 2120 1973 2147 cum
2002 2119 2095 2160 per-

138 2204 336 2246 tinenciis
365 2203 554 2259 predicto
599 2203 836 2245 EDWARDO
876 2202 1102 2245 heredibus
1137 2206 1179 2244 et
1217 2199 1444 2256 assignatis
1483 2198 1568 2241 suis
1599 2200 1744 2240 contra
1774 2211 1918 2239 omnes
1948 2198 2096 2252 gentes

129 2293 502 2336 warantizabimus
545 2297 588 2336 et
617 2294 920 2349 inperpetuum
955 2293 1242 2335 defendemus.
1331 2290 1388 2332 In
1419 2289 1486 2345 cuj
1493 2303 1542 2330 us
1571 2288 1633 2330 rei
1663 2287 1954 2330 testimonium
1985 2285 2084 2327 huic

139 2385 327 2441 presenti
362 2389 475 2428 carte
525 2400 618 2427 mee
669 2385 863 2441 sigillum
911 2398 1055 2426 meum
1095 2381 1284 2438 apposui.
1367 2380 1469 2422 Hiis
1494 2379 1673 2422 testibus
1707 2411 1716 2420 .
1754 2377 2010 2422 WILLELMO
2043 2377 2095 2418 de

142 2475 415 2518 STRADLYNG
434 2476 566 2519 militi
585 2478 689 2518 111110
710 2475 940 2518 senescallo
964 2474 1176 2517 Gouherie
1200 2507 1208 2515 .
1231 2472 1437 2515 RICARDO
1467 2470 1602 2513 Hom:
1632 2473 1735 2512 tunc
1763 2468 1976 2524 preposito
1998 2467 2098 2509 ville

140 2567 193 2608 de
214 2566 493 2609 SWEYNESEY
517 2601 524 2609 .
549 2566 772 2610 JOHANNE
796 2565 1005 2608 HORTON'
1030 2599 1038 2606 .
1064 2563 1232 2606 THOMA
1263 2578 1317 2619 ap
1349 2563 1473 2605 REEs
1510 2594 1519 2603 .
1555 2561 1775 2604 JOHANNE
1810 2559 1970 2601 BOUNT
2006 2592 2016 2601 .
2054 2561 2096 2600 et

145 2658 294 2700 multis
323 2658 430 2700 aliis.

206 2747 324 2790 Data
344 2749 460 2803 apud
481 2748 756 2791 SWEYNESEY
777 2748 974 2790 vicesimo
996 2747 1065 2789 die
1086 2746 1242 2788 mensis
1272 2744 1423 2788 Martii
1453 2759 1566 2786 anno
1595 2742 1718 2799 regni
1739 2740 1874 2797 Regis
1893 2739 2100 2782 Hssmum

145 2837 290 2894 quarti
310 2842 406 2894 post
427 2842 706 2894 conquestum
726 2838 869 2881 tercio.

206 2929 250 2971 A
271 2929 343 2970 slit
362 2928 431 2971 for
452 2944 531 2972 one
551 2929 677 2982 label,
701 2929 838 2972 which
860 2929 896 2971 is
920 2943 1043 2986 gone,
1064 2927 1170 2970 with
1190 2927 1263 2969 the
1284 2927 1381 2969 seal.
