2386 3645
1942 290 2050 331 1529

170 484 365 529 WILCOK
384 486 427 528 in
450 490 571 543 parte
591 487 788 530 orientali
808 489 852 529 et
871 502 1138 530 communem
1159 491 1335 531 stratam
1356 490 1409 532 de
1440 489 1633 533 COITYFF
1663 492 1709 534 in
1735 497 1853 548 parte
1874 496 2049 537 australi
2069 499 2112 539 et

167 579 460 620 tenementum
480 578 590 621 dicte
610 577 754 620 Amen
774 578 821 620 in
841 580 961 633 parte
981 577 1133 620 boriali
1153 582 1196 621 et
1216 582 1301 622 tres
1322 595 1437 622 acras
1457 583 1566 623 terre
1598 582 1768 625 arabilis
1789 587 1831 625 et
1860 586 1966 628 duas
1996 602 2112 629 acras

165 668 278 723 prati
295 683 390 710 cum
409 669 682 724 pertinenciis
697 669 784 711 suis
803 668 849 710 in
867 667 1060 710 COITYFF
1080 670 1270 724 predicta
1291 686 1473 726 quarum
1494 673 1576 714 due
1593 687 1685 714 acre
1701 677 1809 716 terre
1830 675 1973 730 jacent
1986 677 2114 731 juxta

169 757 335 800 fontem
354 763 552 801 vocatum
573 758 787 802 GURMon'
810 759 856 801 in
876 759 1147 814 longitudine
1177 760 1289 802 inter
1313 763 1471 804 terram
1495 762 1651 804 DAvm
1679 762 1896 806 MATHEW
1921 781 1972 807 ex
1996 771 2116 822 parte

171 849 365 891 orientali
396 852 438 892 et
468 853 624 892 terram
655 850 759 892 dicti
789 850 945 892 DAvm
966 865 1019 892 ex
1045 854 1165 906 parte
1196 852 1445 894 occidentali
1479 886 1487 894 .
1520 852 1577 895 In
1597 853 1826 896 latitudine
1846 870 1944 897 vero
1974 856 2118 911 jacent

168 939 281 982 inter
301 944 458 983 terram
478 940 508 983 J
510 955 709 983 OHANNis
729 942 782 984 de
803 941 1008 984 STABULL
1030 957 1081 983 ex
1098 946 1218 997 parte
1247 942 1398 985 boriali
1419 947 1461 986 et
1491 947 1649 986 terram
1678 945 1857 1001 predicti
1888 945 2042 989 Divu)
2064 963 2117 990 ex

170 1034 291 1087 parte
307 1033 483 1074 australi
515 1067 523 1074 .
548 1032 698 1075 Tercia
712 1048 810 1075 vero
828 1048 923 1075 acra
936 1036 1045 1075 terre
1060 1033 1172 1089 jacet
1185 1035 1299 1089 apud
1317 1034 1654 1077 REDESCHURDE
1667 1036 1713 1078 in
1726 1036 1996 1092 longitudine
2008 1038 2120 1081 inter

170 1126 328 1165 terram
350 1122 611 1166 WENLLIAN
633 1123 828 1167 WILCOK
850 1139 903 1166 ex
923 1131 1044 1179 parte
1064 1124 1214 1167 boriali
1235 1130 1277 1168 et
1299 1127 1411 1168 viam
1433 1141 1513 1182 que
1535 1127 1654 1169 ducit
1674 1142 1817 1169 versus
1838 1128 2045 1170 PENCOYT
2066 1144 2118 1171 ex

170 1217 290 1270 parte
311 1215 486 1256 australi
517 1248 526 1257 .
560 1214 615 1256 In
646 1215 876 1257 latitudine
897 1231 995 1258 vero
1023 1215 1135 1271 jacet
1156 1216 1267 1259 inter
1287 1222 1444 1259 terram
1464 1217 1714 1261 WILLELMI
1735 1217 1905 1260 LLOYD’
1929 1235 1981 1261 ex
2001 1225 2120 1276 parte

169 1304 365 1347 orientali
385 1307 427 1347 et
447 1308 604 1347 terram
625 1306 735 1348 dicte
757 1305 1019 1349 WENLLIAN
1041 1322 1093 1348 ex
1114 1311 1233 1362 parte
1254 1308 1516 1350 occidentali.
1579 1309 1773 1351 Predicte
1795 1311 1877 1352 due
1893 1325 1986 1352 acre
2006 1311 2120 1366 prati

167 1395 312 1451 jacent
341 1397 456 1452 apud
486 1396 686 1439 Knvmm
716 1396 920 1439 VAGHAN
950 1398 995 1439 in
1027 1398 1296 1454 longitudine
1326 1399 1439 1442 inter
1469 1415 1738 1442 communam
1769 1402 1820 1442 de
1853 1400 2046 1443 GOITYFF
2067 1416 2120 1443 ex

170 1492 290 1541 parte
312 1487 488 1529 australi
509 1491 552 1529 et
571 1491 743 1543 pratum
766 1487 1015 1531 WILLELMx
1038 1488 1221 1531 GETmN
1244 1505 1295 1532 ex
1323 1493 1443 1545 parte
1464 1489 1615 1533 boriali
1647 1525 1655 1532 .
1689 1491 1744 1533 In
1769 1491 1998 1534 latitudine
2019 1507 2116 1534 vero

173 1576 317 1633 jacent
337 1579 450 1620 inter
469 1581 626 1620 terram
646 1579 837 1621 nativam
857 1579 887 1622 J
890 1594 953 1621 ΑΚ
984 1579 1157 1621 HARRY
1187 1595 1239 1622 ex
1269 1583 1389 1635 parte
1418 1581 1614 1623 orientali
1644 1584 1685 1624 et
1716 1584 1872 1624 terram
1904 1583 2120 1638 quondam

171 1669 267 1712 JAK
288 1669 423 1711 DAVY
452 1685 505 1711 ex
532 1673 652 1725 parte
674 1670 924 1712 occidentali
948 1704 955 1712 .
979 1671 1145 1725 prefato
1171 1670 1430 1714 WILLELMO
1455 1671 1680 1714 heredibus
1705 1675 1748 1714 et
1772 1673 1998 1728 assignatis
2019 1673 2117 1715 suis.

172 1759 438 1803 Habendum
459 1762 502 1802 et
526 1761 760 1802 tenendum
782 1761 946 1802 dictum
970 1761 1238 1817 mesuagium
1263 1777 1358 1804 cum
1388 1762 1500 1805 dicto
1530 1766 1621 1805 orto
1652 1764 1874 1818 adjacente
1895 1766 1980 1805 tres
2005 1779 2122 1806 acras

170 1855 280 1894 terre
301 1850 473 1894 arabilis
493 1854 536 1893 et
557 1852 663 1893 duas
683 1866 799 1893 acras
819 1852 932 1907 prati
953 1867 1050 1893 cum
1079 1852 1350 1907 pertinenciis
1372 1853 1457 1894 suis
1477 1853 1642 1908 prefato
1673 1852 1932 1896 WILLELMO
1952 1854 2116 1896 heredi-

172 1942 252 1986 bus
273 1947 315 1984 et
336 1942 563 1998 assignatis
584 1942 671 1984 suis
690 1943 1005 1998 imperpetuum
1026 1944 1078 1985 de
1100 1941 1349 1999 capitalibus
1367 1943 1549 1985 dominis
1570 1943 1684 1986 feodi
1697 1943 1813 1986 illius
1833 1959 1908 2000 per
1928 1945 2119 1986 redditus

170 2035 213 2076 et
242 2033 417 2075 servicia
447 2033 547 2075 inde
587 2033 704 2089 prius
735 2034 879 2076 debita
919 2037 962 2076 et
994 2035 1047 2076 de
1081 2034 1176 2090 jure
1207 2037 1417 2076 consueta.
1499 2033 1735 2076 Reddendo
1766 2034 1899 2076 eciam
1931 2035 2119 2090 predicto

170 2123 200 2166 J
203 2138 380 2166 OHANNI
411 2123 683 2167 STRADLYNG
713 2125 842 2167 militi
874 2124 1095 2167 heredibus
1126 2128 1168 2166 et
1198 2125 1423 2180 assignatis
1454 2125 1539 2166 suis
1560 2125 1874 2180 imperpetuum
1895 2125 2120 2167 annuatim

167 2218 350 2271 quatuor
395 2215 550 2258 solidos
591 2216 893 2272 sterlingorum
924 2217 976 2258 ad
1008 2215 1167 2258 festum
1197 2215 1343 2258 Sancti
1384 2215 1642 2258 MICHAELIS
1673 2231 1748 2271 pro
1779 2216 1895 2258 omni
1926 2217 2111 2259 servicio.

168 2305 230 2348 Et
250 2306 428 2348 ulterius
448 2306 663 2362 predictus
685 2305 970 2349 WILLELMUS
991 2306 1258 2348 LAULESTON
1279 2322 1354 2362 pro
1376 2322 1418 2348 se
1443 2306 1669 2349 heredibus
1700 2312 1742 2349 et
1773 2307 1999 2362 assignatis
2029 2307 2115 2349 suis

171 2397 266 2439 vult
287 2401 329 2440 et
350 2397 540 2440 concedit
560 2412 636 2453 per
655 2402 869 2452 presentes
892 2432 900 2440 .
925 2399 1039 2453 quod
1059 2398 1094 2440 si
1110 2398 1333 2453 contingat
1355 2398 1487 2440 dictos
1504 2401 1686 2453 quatuor
1701 2398 1856 2440 solidos
1872 2401 2009 2440 aretro
2026 2398 2115 2440 fore
2151 2387 2156 2390 ¹

170 2487 217 2530 in
236 2491 355 2543 parte
377 2488 445 2530 vel
464 2487 510 2530 in
531 2490 622 2531 toto
643 2503 718 2544 per
738 2504 871 2530 unam
891 2488 1173 2545 septimanam
1193 2492 1288 2544 post
1308 2489 1470 2531 dictum
1499 2488 1659 2531 festum
1689 2488 1836 2531 Sancti
1856 2488 2117 2531 MICHAELIS

170 2583 326 2621 extunc
346 2578 454 2621 bene
473 2579 599 2621 liceat
613 2579 802 2634 predicto
822 2579 851 2622 J
854 2594 1031 2621 OHANNI
1052 2579 1276 2621 heredibus
1297 2582 1339 2621 et
1355 2579 1580 2636 assignatis
1601 2579 1686 2621 suis
1701 2579 1747 2621 in
1768 2579 1880 2621 dicto
1901 2580 2117 2634 mesuagio

169 2670 292 2712 terris
312 2670 398 2712 sive
419 2671 552 2726 pratis
573 2674 616 2713 et
635 2670 681 2712 in
703 2670 892 2726 qualibet
919 2671 1102 2727 parcella
1122 2671 1352 2712 eorundem
1382 2685 1458 2726 pro
1490 2674 1582 2712 octo
1614 2670 1758 2712 solidis
1789 2670 2042 2726 distringere
2073 2673 2116 2712 et

170 2761 451 2803 districtiones
471 2776 600 2816 penes
620 2776 663 2803 se
683 2761 865 2803 retinere
886 2762 1018 2804 donec
1049 2761 1129 2804 sibi
1159 2762 1211 2803 de
1241 2761 1441 2816 predictis
1471 2764 1562 2803 octo
1593 2760 1737 2803 solidis
1766 2760 1954 2816 plenarie
1985 2760 2116 2802 fuerit

170 2850 434 2892 satisfactum
455 2853 496 2892 et
518 2851 576 2893 sic
595 2851 792 2906 deinceps
812 2852 864 2893 de
885 2866 998 2893 anno
1017 2851 1063 2893 in
1085 2866 1247 2893 annum
1268 2851 1645 2905 quocienscumque
1666 2850 1769 2892 dicti
1789 2853 1971 2905 quatuor
1991 2849 2114 2891 solidi

168 2940 214 2982 in
236 2941 378 2996 aliquo
398 2941 506 2983 festo
529 2940 675 2983 Sancti
696 2942 954 2983 MICHAELIS
975 2945 1112 2984 aretro
1128 2941 1218 2984 fore
1235 2941 1504 2996 contigerint.
1567 2940 1628 2982 Et
1643 2940 1855 2996 predictus
1871 2940 1901 2983 J
1903 2954 2112 2982 OHANNES

170 3033 213 3073 et
241 3030 415 3073 heredes
445 3031 510 3073 sui
546 3031 708 3073 dictum
739 3032 1007 3086 mesuagium
1038 3047 1134 3074 cum
1165 3034 1278 3074 dicto
1311 3035 1401 3074 orto
1432 3036 1474 3074 et
1504 3031 1713 3094 predictas
1742 3037 1827 3073 tres
1859 3045 1974 3073 acras
2003 3033 2114 3072 terre

371 3170 442 3205 8R
