2386 3645
339 278 450 319 1248

277 486 320 526 et
346 483 570 525 dimidiam
600 485 709 524 terre
739 479 932 523 arrabilis
962 479 1008 522 in
1028 479 1119 521 loco
1139 478 1253 520 dicto
1289 475 1496 519 KELLYG'
1527 476 1717 532 jacentes
1747 475 1863 517 infra
1897 462 2136 518 dominium
2167 476 2221 518 (16

279 574 463 616 ΚΥΙΝΕΙ
485 576 527 615 et
545 575 681 615 totam
701 573 876 614 wastam
896 574 1053 612 terram
1073 572 1261 611 nostram
1282 567 1441 610 ibidem
1461 571 1589 622 atque
1609 568 1749 608 totum
1780 568 1951 621 pratum
1978 569 2022 608 et
2048 580 2222 608 nemora

275 668 420 708 nostra
435 664 593 707 ibidem
615 678 710 705 cum
729 661 1013 718 pertinenciis.
1075 658 1340 702 Habendum
1361 661 1404 700 et
1423 658 1656 700 tenendum
1677 671 1822 699 omnes
1851 656 2061 712 predictas
2087 659 2221 699 terras

276 756 478 798 arrabiles
497 758 662 797 vastam
682 756 854 810 pratum
874 755 917 794 et
936 766 1109 793 nemora
1129 749 1320 805 predicta
1341 763 1437 791 cum
1458 747 1654 790 omnibus
1674 747 1760 789 suis
1789 746 2062 802 pertinenciis
2082 747 2221 802 quali-

275 849 507 902 tercunque
529 845 736 901 predictas
755 846 888 885 terras
908 845 1072 884 vastam
1091 843 1214 897 prata
1245 842 1287 882 et
1318 853 1491 881 nemora
1522 837 1800 893 tangentibus
1826 838 2014 893 predicto
2045 837 2219 879 domino

278 937 491 980 RoBEnTo
522 937 574 978 de
604 935 787 977 PENRES
816 931 1041 975 heredibus
1073 946 1121 973 ac
1150 930 1377 987 assignatis
1408 930 1494 972 suis
1525 930 1577 971 de
1607 928 1858 984 capitalibus
1888 929 2072 971 dominis
2101 929 2219 971 feodi

272 1028 389 1070 illius
408 1027 538 1070 libere
559 1026 699 1082 quiete
719 1024 826 1067 bene
847 1026 889 1065 et
908 1024 954 1065 in
974 1037 1076 1078 pace
1096 1021 1191 1077 jure
1212 1021 1467 1063 hereditario
1493 1021 1539 1062 in
1569 1022 1823 1075 perpetuum
1847 1035 1922 1075 per
1950 1019 2143 1061 redditus
2174 1022 2220 1062 et

273 1119 449 1162 servicia
469 1119 569 1160 inde
591 1117 735 1159 debita
755 1118 798 1157 et
818 1116 871 1157 (16
891 1114 986 1170 jure
1007 1114 1206 1155 consueta
1227 1114 1269 1154 et
1289 1127 1365 1167 per
1392 1114 1526 1154 metas
1557 1113 1600 1153 et
1628 1110 1796 1153 bundas
1827 1125 1932 1166 quas
1958 1125 2034 1152 nos
2064 1111 2218 1153 melius

272 1211 340 1254 vel
359 1210 527 1266 plenius
555 1207 783 1250 habuimus
812 1205 1028 1247 tenuimus
1053 1203 1122 1245 vel
1155 1204 1207 1244 de
1229 1202 1327 1258 jure
1363 1202 1554 1257 optinere
1589 1200 1813 1243 debuimus
1847 1201 1894 1243 in
1925 1201 2015 1243 loco
2049 1201 2216 1256 prefato

270 1303 397 1356 atque
431 1314 527 1342 cum
554 1300 643 1341 toto
675 1297 770 1353 jure
799 1298 841 1338 et
871 1296 1029 1338 clameo
1054 1296 1198 1336 nostro
1238 1292 1283 1335 in
1310 1292 1507 1335 omnibus
1534 1296 1577 1334 et
1608 1292 1787 1348 singulis
1814 1292 1937 1333 terris
1964 1291 2218 1334 arrabih‘bus

267 1392 400 1449 pratis
439 1392 559 1432 vasta
598 1391 640 1430 et
679 1385 936 1429 memoribus
976 1385 1022 1426 in
1057 1385 1203 1426 eodem
1245 1383 1335 1426 loco
1376 1383 1630 1439 supradicto.
1711 1382 1772 1424 Et
1811 1397 1888 1424 nos
1927 1397 2025 1424 vero
2059 1381 2218 1438 prefati

266 1482 553 1526 WILLELMUS
574 1495 626 1534 ap
656 1478 946 1520 LLEWELLYN
968 1491 1021 1532 ap
1051 1474 1240 1517 Mssnmc
1271 1476 1314 1517 et
1344 1474 1598 1516 PHILIPPUS
1630 1488 1684 1529 ap
1717 1472 1867 1515 LUCAS
1899 1488 1953 1528 ap
1984 1473 2141 1515 DAvn)
2174 1476 2217 1515 et

263 1573 438 1615 heredes
458 1570 591 1613 nostri
611 1569 678 1612 vel
698 1568 904 1624 assignati
925 1582 1069 1609 omnes
1089 1569 1222 1608 terras
1242 1565 1444 1607 arrabiles
1465 1568 1628 1607 vastam
1643 1566 1766 1620 prata
1782 1566 1825 1605 et
1839 1578 2012 1605 nemora
2025 1563 2216 1618 predicta

265 1679 362 1706 cum
383 1661 578 1705 omnibus
599 1660 683 1702 suis
703 1657 972 1715 pertinentiis
991 1657 1252 1699 aisiamentis
1272 1659 1400 1711 atque
1422 1671 1518 1698 cum
1537 1658 1628 1697 toto
1649 1671 1663 1711 J
1672 1670 1746 1697 ure
1767 1657 1809 1697 et
1829 1654 1989 1697 clameo
2009 1657 2152 1696 nostro
2169 1654 2215 1696 in

266 1755 411 1797 eodem
433 1754 523 1795 loco
544 1751 732 1808 predicto
755 1784 763 1793 .
786 1749 976 1806 predicto
998 1748 1170 1790 domino
1203 1747 1416 1790 Romano
1447 1746 1629 1789 PENRES
1659 1745 1886 1788 heredibus
1916 1747 1959 1786 et
1989 1744 2216 1800 assignatis

264 1846 350 1888 suis
366 1847 512 1888 contra
528 1858 672 1886 omnes
688 1842 879 1885 homines
894 1840 1092 1882 mortales
1108 1837 1478 1881 warantizabimus
1494 1836 1827 1892 acquietabimus
1844 1836 1943 1879 etin
1959 1838 2215 1892 perpetuum

265 1936 554 1979 defendemus.
616 1934 672 1976 In
693 1933 816 1989 cujus
834 1932 895 1974 rei
916 1930 1207 1974 testimonium
1227 1928 1328 1970 huic
1348 1928 1533 1983 presenti
1555 1930 1667 1969 carte
1689 1927 1831 1983 sigilla
1851 1929 1995 1969 nostra
2016 1925 2214 1982 apposui-

265 2043 373 2070 mus.
435 2026 539 2069 Hiis
551 2024 730 2068 testibus
752 2057 760 2066 .
784 2023 1013 2065 MORGANO
1035 2020 1229 2064 THLOID'
1251 2022 1354 2062 tunc
1377 2019 1606 2062 senescallo
1637 2019 1688 2060 de
1719 2017 1903 2060 KYLvm
1938 2050 1946 2059 .
1981 2017 2211 2059 Grmwmo

266 2118 457 2161 ΚΕΤΗῙΝ
498 2116 655 2158 bidello
684 2114 843 2157 ibidem
866 2147 875 2156 .
898 2114 1156 2157 WILLELMO
1187 2112 1294 2154 DUY
1327 2145 1335 2153 .
1369 2110 1596 2152 PHILIPPO
1627 2125 1680 2166 ap
1711 2109 1899 2151 MEURIC
1931 2138 1941 2148 .
1974 2107 2128 2149 ΒΑνΙῙ)
2160 2122 2215 2163 ap

263 2208 555 2251 LLEWELLYN
577 2223 630 2263 ap
651 2206 838 2248 MEURm
861 2238 870 2247 .
893 2205 1056 2247 MAnoc
1076 2203 1193 2247 V01L
1219 2236 1227 2246 .
1250 2202 1465 2245 Romam-0
1488 2216 1541 2256 ap
1564 2199 1776 2242 ORADooK
1798 2202 1840 2241 et
1859 2198 2008 2240 multis
2028 2197 2135 2239 aliis.

325 2301 490 2343 Datum
511 2301 626 2356 apud
646 2299 960 2342 SWEYNYSHEY
983 2331 991 2338 .
1015 2295 1194 2352 septimo
1217 2295 1286 2337 die
1306 2293 1502 2349 Augusti
1524 2326 1532 2334 .
1554 2306 1667 2333 anno
1687 2306 1720 2333 r.
1746 2290 1800 2333 R.
1824 2290 2052 2332 EDWARDI
2087 2287 2209 2331 tercii

266 2394 361 2448 post
383 2394 658 2446 conquestum
680 2393 831 2446 quarto
852 2388 1026 2431 decimo.

876 2479 972 2509 From
993 2488 1011 2508 a
1034 2478 1168 2508 Charter
1190 2476 1252 2507 roll
1273 2474 1412 2506 entitled
1432 2472 1603 2512 ‘Kylvey.'
