2386 3645
282 309 392 350 1182

221 513 406 569 aquatici
439 513 485 555 in
525 512 564 555 le
596 512 684 554 Es'r
710 510 857 553 ΚΕΤΤΙ
888 510 933 551 in
961 507 1158 564 parochia
1185 508 1236 548 de
1264 503 1617 560 SwEYxEsffiYE]
1649 504 1838 560 predicta
1872 520 1954 561 que
1986 505 2161 548 fuerunt

223 603 327 646 dicti
362 603 563 645 Ronmn
600 603 652 644 de
685 601 880 644 WESTON
909 605 951 641 et
976 598 1155 641 Tnomffi
1190 596 1383 638 PERKYN
1416 627 1425 636 .
1459 593 1519 635 Et
1547 608 1682 636 unum
1702 595 1989 650 messuagium
2011 597 2160 638 Lan.¹

222 696 347 735 terrae
382 692 552 735 arabilis
591 706 685 733 cum
719 705 835 732 an„
855 689 960 731 acris
999 702 1140 743 gravae
1173 686 1286 741 apud
1328 683 1583 726 Kymonm
1620 699 1715 739 quae
1747 685 1923 727 fuerunt
1957 686 2009 728 de
2049 685 2161 727 dicto

223 783 480 839 patrimonio
500 785 641 825 nostro
661 782 705 823 in
728 781 850 823 feodo
872 780 924 821 de
952 778 1176 820 PENNARD
1209 810 1216 817 .
1250 775 1309 817 Et
1339 774 1494 830 viginti
1516 789 1630 816 acras
1659 779 1768 816 terre
1797 774 1967 816 arabilis
1989 776 2102 830 apud
2122 775 2162 817 le

227 873 424 916 Cowymz
452 873 497 914 in
526 872 648 914 feodo
678 876 719 913 et
740 869 936 926 parochia
965 869 1017 909 de
1042 863 1386 920 Swsmnsfflm]
1419 879 1513 919 quae
1542 863 1719 905 fuerunt
1743 864 1846 905 dicti
1878 863 2081 905 Romam
2111 865 2162 906 de

226 963 422 1006 WEsmN
451 998 458 1005 .
492 968 533 1005 et
575 977 644 1004 Lx.
680 976 795 1003 acras
830 967 950 1001 terrae
987 957 1157 1000 arabilis
1188 955 1369 1011 triginta
1404 970 1519 996 aeras
1566 955 1678 1010 prati
1718 955 1911 996 montani
1945 969 2015 996 XL.
2051 969 2166 997 acras

229 1053 498 1097 WALLENSIS
519 1058 640 1096 terrae
661 1056 783 1094 terrae
804 1055 944 1091 wastae
968 1063 1049 1103 que
1069 1047 1243 1089 fuerunt
1265 1045 1407 1088 PETRI
1431 1046 1483 1087 de
1503 1046 1545 1087 la
1566 1045 1696 1087 BERE
1719 1049 1761 1087 et
1782 1044 1962 1087 THOMAE
1982 1045 2060 1108 filii
2073 1045 2166 1101 ejus

225 1146 271 1186 in
285 1144 525 1186 Pes->mm
541 1149 582 1185 et
597 1142 793 1198 parochia
809 1142 860 1182 de
874 1139 1213 1181 LANGnvELAcH
1229 1152 1323 1179 cum
1337 1137 1533 1179 omnibus
1548 1136 1716 1192 juribus
1732 1140 1773 1178 et
1787 1136 2053 1178 libertatibus
2070 1151 2164 1192 quae

226 1242 270 1276 et
290 1250 393 1290 quas
413 1235 550 1276 dietus
570 1233 765 1275 dominus
785 1235 925 1273 noster
947 1229 1042 1271 Rex
1063 1237 1104 1271 et
1125 1228 1339 1270 Dominus
1361 1227 1585 1269 GOHERIAE
1605 1227 1650 1269 in
1671 1227 1861 1269 favorem
1876 1231 1919 1269 et
1932 1227 2165 1270 subsidium

226 1326 328 1367 dicti
349 1324 566 1380 hospitalis
586 1327 628 1365 et
648 1322 895 1378 degentium
915 1321 961 1362 in
983 1321 1129 1362 eodem
1143 1319 1197 1360 ad
1209 1318 1459 1360 instantiam
1476 1323 1517 1360 et
1538 1318 1878 1374 prosecucionem
1891 1322 2079 1361 nostram
2093 1334 2167 1375 per

226 1421 361 1458 cartas
381 1430 475 1457 suas
495 1414 615 1457 nobis
634 1414 732 1456 inde
753 1412 962 1455 confectas
982 1426 1057 1466 pro
1079 1425 1120 1452 se
1142 1414 1184 1452 et
1204 1424 1350 1452 eorum
1380 1409 1605 1452 heredibus
1627 1413 1920 1451 concesserunt
1944 1413 1986 1451 et
2011 1410 2165 1465 imper-

226 1514 400 1561 petuum
432 1506 794 1547 confirmaverunt.

285 1596 518 1639 Collatione
553 1595 681 1637 etiam
718 1594 926 1636 diotorum
966 1593 1242 1647 magistratus
1279 1597 1321 1633 et
1356 1591 1523 1634 vicariae
1565 1605 1661 1633 cum
1692 1593 1935 1633 vacaverint
1969 1591 2089 1633 nobis
2129 1595 2172 1633 et

226 1688 525 1730 successoribus
564 1686 717 1728 nostris
763 1684 965 1740 episcopis
1015 1683 1088 1738 qui
1127 1698 1204 1738 pro
1248 1686 1436 1738 tempore
1479 1682 1637 1724 fuerint
1679 1686 1721 1724 et
1765 1683 1950 1738 capitulo
1990 1683 2171 1725 ecclesiae

226 1788 379 1821 nostrae
410 1778 706 1820 MENEVENsIs
737 1777 832 1818 sede
872 1779 1047 1817 vacante
1082 1777 1306 1816 reservata.
1384 1773 1596 1817 Volumus
1621 1774 1750 1815 etiam
1781 1778 1824 1816 et
1854 1789 1928 1829 per
1959 1778 2172 1829 presentes

226 1871 450 1912 statuimus
471 1870 583 1924 quod
603 1867 806 1923 magister
831 1882 903 1908 seu
933 1870 1070 1908 eustos
1097 1865 1200 1907 dieti
1230 1865 1450 1920 hospitalis
1479 1870 1522 1906 et
1549 1864 1757 1920 capellani
1780 1864 1853 1919 qui
1884 1879 1961 1920 pro
1983 1869 2171 1920 tempore

226 1961 387 2004 fuerint
416 1960 461 2002 in
492 1961 638 2002 eodem
668 1962 717 2000 ut
747 1957 1010 2013 premittitur
1039 1956 1289 1998 celebraturi
1330 1958 1373 1997 et
1403 1955 1476 1997 alii
1517 1970 1723 2010 pauperes
1752 1955 1797 1996 in
1829 1955 1941 1997 dicto
1973 1955 2171 2010 hospitali

224 2054 426 2108 degentes
446 2066 521 2106 pro
544 2051 685 2091 anima
705 2050 921 2104 quondam
951 2047 1114 2090 domini
1134 2047 1267 2089 nostri
1288 2047 1451 2088 domini
1483 2045 1638 2088 DAvu)
1660 2046 1959 2088 MENEVENSIS
1990 2046 2172 2101 episcopi

224 2147 267 2185 et
308 2146 538 2184 ceterorum
588 2141 923 2196 predecessorum
972 2142 1211 2181 nostrorum
1262 2143 1305 2180 et
1354 2153 1429 2193 pro
1470 2141 1583 2179 statu
1626 2143 1770 2178 nostro
1810 2140 1852 2178 et
1893 2151 2174 2179 successorum

225 2239 464 2275 nostrorum
497 2232 785 2288 episcoporum
820 2230 894 2285 qui
928 2245 1003 2286 pro
1035 2233 1224 2285 tempore
1259 2229 1420 2271 fuerint
1462 2229 1565 2270 dum
1606 2227 1851 2283 superstites
1887 2228 2094 2270 fuerimus
2130 2230 2173 2270 et

229 2339 304 2379 pro
325 2322 545 2365 animabus
564 2322 718 2364 nostris
738 2336 833 2363 cum
861 2320 915 2363 ab
935 2320 1013 2363 hac
1041 2321 1133 2362 luce
1164 2320 1489 2375 migraverimus
1524 2353 1532 2360 .
1568 2318 1748 2361 Necnon
1773 2332 1849 2374 pro
1878 2321 1992 2360 statu
2019 2318 2177 2361 salubri

228 2414 500 2457 illustrissimi
520 2413 721 2468 principis
741 2412 904 2455 domini
933 2412 1067 2454 nostri
1094 2411 1257 2453 domini
1286 2410 1513 2452 EnwAnm
1545 2409 1629 2452 Dei
1657 2410 1796 2465 gratia
1826 2409 1959 2465 Regis
1978 2409 2175 2452 ANGmAE

231 2510 273 2548 et
313 2505 495 2547 dominae
535 2506 689 2546 nostrae
730 2503 911 2558 Reginae
951 2502 1153 2545 consortis
1200 2502 1333 2557 ipsius
1382 2504 1423 2544 et
1469 2516 1545 2556 pro
1590 2500 1813 2542 animabus
1854 2500 2174 2555 progenitorum

232 2610 403 2639 suorum
441 2610 516 2651 pro
556 2594 727 2637 domino
767 2593 986 2637 JOHANNE
1027 2594 1079 2635 de
1112 2593 1341 2635 MOUBRAY
1377 2592 1549 2634 domino
1590 2591 1816 2634 Gomzmffi
1851 2596 1892 2633 et
1927 2605 2002 2647 pro
2032 2591 2175 2634 animo

235 2687 417 2729 dominae
450 2685 615 2727 ALiNAE
649 2684 796 2727 matris
831 2700 918 2727 suae
951 2688 994 2727 et
1028 2688 1275 2726 caeterorum
1313 2683 1636 2739 progenitorum
1677 2696 1851 2725 suorum
1888 2696 1963 2737 pro
2004 2682 2177 2725 domino

235 2776 452 2819 JOHANNE
483 2777 535 2818 de
565 2775 756 2818 Bocmm
788 2775 938 2818 comite
969 2774 1289 2816 HEREFORDIAE
1318 2772 1523 2816 fratribus
1553 2779 1596 2815 et
1623 2771 1953 2815 antecessoribus
1987 2772 2072 2814 suis
2101 2787 2177 2829 pro

237 2867 409 2909 domino
431 2866 642 2908 Rommo
663 2867 715 2908 de
736 2866 918 2908 vamcs
938 2864 1140 2908 RmARDo
1161 2865 1213 2907 de
1234 2864 1416 2907 PENRYS
1445 2879 1591 2906 eorum
1611 2863 1755 2906 liberis
1780 2866 1823 2905 et
1851 2862 2181 2906 antecessoribus

241 2957 326 3000 suis
345 2972 420 3013 pro
440 2957 651 2999 Romano
671 2958 722 2999 de
743 2957 939 3001 WESTON
962 2960 1005 2999 et
1023 2955 1181 2998 Luem
1201 2955 1402 2998 consortis
1423 2954 1616 3011 ejusdem
1634 2958 1678 2996 et
1692 2968 1838 2996 eorum
1851 2953 2181 2997 antecessoribus

239 3062 316 3103 pro
337 3046 547 3089 Bonnam
568 3047 654 3090 filio
674 3046 904 3089 NchoLm
925 3046 1124 3089 MARTYN
1145 3061 1222 3103 pro
1243 3045 1394 3088 Pmno
1419 3046 1472 3088 de
1496 3045 1540 3086 la
1560 3043 1692 3087 BERE
1712 3043 1906 3086 AGNETE
1927 3058 2057 3086 uxore
2087 3044 2182 3101 ejus
