2386 3645
1944 274 2053 315 1549

169 474 397 517 CHEPMAN
422 507 430 516 .
452 473 621 517 ballivis
641 474 833 531 ejusdem
854 473 958 516 ville
981 507 990 516 .
1013 473 1182 516 ΤΗΟΜΑ
1203 473 1334 516 'Pom
1355 478 1397 517 et
1425 475 1681 519 WILLELMO
1702 477 1875 520 Comus
1905 479 2110 522 serviente

166 569 269 610 tunc
291 600 299 608 .
323 565 493 608 Tuom
513 565 729 609 WATHYN
751 567 794 607 et
813 565 843 608 J
845 579 1034 607 OHANNE
1055 565 1283 607 ADTHLAN
1305 581 1401 608 cum
1421 567 1567 609 multis
1587 567 1693 610 aliis

224 657 390 700 Datum
422 657 536 712 apud
571 656 815 699 KAERmmv
852 656 1101 698 duodecimo
1137 656 1205 699 die
1240 657 1395 699 Marcii
1431 673 1544 700 anno
1578 660 1702 715 regni
1737 659 1871 716 Regis
1904 660 2110 703 HENmm

168 747 276 791 sexti
296 751 392 803 post
411 751 688 802 conquestum
709 747 884 789 decimo.

225 840 268 881 A
287 839 408 894 lump
429 839 514 881 seal
533 838 580 880 in
600 838 748 880 brown
768 853 876 890 waX,
898 838 1026 880 much
1046 838 1220 881 broken.

368 929 416 967 (1)
441 928 518 958 This
534 929 622 958 word
637 938 704 958 was
719 929 830 966 copied
845 929 1019 968 originally
1034 928 1186 958 villatum.
1202 930 1306 959 which
1322 930 1432 959 makes
1448 939 1489 960 no
1505 939 1596 960 sense
1612 931 1691 960 with
1705 931 1761 961 the
1775 937 1917 962 context.

1014 1128 1276 1172 MCXLIX.

165 1235 379 1280 GRANT
430 1235 517 1278 BY
575 1235 604 1279 J
608 1235 745 1278 OHN
805 1235 1083 1279 SPENSER
1143 1235 1219 1279 ΤΟ
1280 1236 1574 1280 WILLIAM
1633 1238 1716 1280 ΑΡ
1774 1238 1982 1282 JEVAN
2034 1239 2111 1283 OF

397 1326 527 1369 THE
577 1325 824 1369 MOIETY
875 1326 953 1369 OF
1001 1326 1046 1369 A
1095 1326 1399 1371 BURGAGE
1450 1327 1522 1370 IN
1571 1327 1885 1371 SWANSEA.

1021 1435 1096 1493 [G.
1122 1436 1173 1479 Gr.
1197 1436 1272 1493 R]

1282 1545 1336 1586 27
1369 1545 1470 1588 Oc'r.
1535 1547 1585 1587 11
1619 1545 1744 1588 Hm.
1777 1546 1858 1589 VI.
1926 1547 2046 1588 1432.

218 1652 364 1695 Sciant
393 1655 608 1707 presentes
639 1655 681 1693 et
711 1651 849 1694 futuri
879 1653 993 1708 quod
1024 1667 1103 1707 ego
1134 1651 1163 1694 J
1166 1666 1374 1694 OHANNES
1404 1651 1609 1694 SPENSER
1640 1653 1691 1694 de
1713 1653 1990 1696 SWEYNESEY
2012 1653 2111 1696 dedi

164 1744 345 1786 concessi
365 1746 407 1785 et
425 1743 503 1785 hac
523 1743 708 1798 presenti
729 1746 844 1785 carta
874 1757 968 1785 mea
999 1743 1245 1785 confirmavi
1278 1741 1534 1785 W1LLELMO
1565 1758 1618 1798 ap
1649 1743 1677 1786 J
1682 1758 1803 1785 EVAN
1835 1759 1887 1799 ap
1919 1743 2108 1785 THOMAS

165 1833 437 1876 medietatem
477 1833 605 1875 unius
634 1832 836 1889 burgagii
874 1833 1087 1889 jacentem
1118 1832 1163 1874 in
1194 1833 1233 1874 le
1263 1833 1454 1874 DONTON
1484 1833 1584 1874 ville
1615 1834 1666 1875 de
1697 1832 1971 1875 SWEYNESEY
2003 1832 2116 1875 inter

165 1927 459 1968 tenementum
480 1924 509 1967 J
511 1938 711 1966 OHANNIS
727 1924 882 1966 ZOPER
898 1939 951 1966 ex
967 1927 1087 1979 parte
1104 1923 1300 1966 orientali
1317 1922 1402 1980 [et]
1422 1926 1714 1965 tenementum
1728 1923 1757 1965 J
1760 1937 1881 1964 EVAN
1900 1922 2044 1965 Gwm
2062 1938 2115 1964 ex

164 2019 284 2072 prate
317 2016 569 2058 occidentali
600 2019 643 2057 et
673 2015 867 2057 extendit
898 2031 940 2057 se
971 2014 1024 2057 ab
1055 2015 1142 2056 alta
1174 2017 1304 2056 strata
1345 2030 1398 2055 ex
1437 2018 1555 2069 parte
1595 2014 1771 2055 australi
1811 2029 1943 2069 usque
1983 2014 2038 2054 ad
2076 2013 2117 2055 le

166 2105 373 2149 STRONDE
414 2122 468 2148 ex
507 2110 627 2162 parte
675 2106 838 2149 boriali.
912 2105 1178 2148 Habendum
1215 2109 1257 2147 et
1297 2105 1531 2147 tenendum
1570 2105 1803 2160 predictam
1843 2104 2113 2146 medietatem

164 2197 365 2254 burgagii
386 2213 483 2240 cum
505 2196 701 2240 omnibus
732 2197 818 2239 suis
848 2197 1118 2252 pertinentiis
1148 2196 1348 2252 predictis
1378 2195 1636 2239 WILLELMO
1667 2199 1710 2237 et
1739 2195 1769 2238 J
1771 2209 1958 2237 OHANNE
1990 2194 2113 2236 uxori

167 2289 260 2345 ejus
280 2292 322 2331 et
343 2288 568 2331 heredibus
589 2289 642 2331 de
663 2288 906 2344 corporibus
927 2289 1013 2330 suis
1033 2288 1224 2344 legitime
1255 2287 1481 2343 procreatis
1508 2288 1560 2329 de
1594 2287 1765 2342 capitali
1796 2286 1968 2329 domino
1999 2286 2114 2328 feodi

165 2379 280 2421 ilJius
300 2394 374 2434 per
393 2379 585 2421 redditus
606 2383 648 2421 et
669 2379 842 2421 servicia
863 2379 964 2420 inde
985 2378 1129 2421 debita
1150 2381 1192 2420 et
1213 2379 1264 2420 de
1294 2378 1390 2434 jure
1418 2380 1627 2420 consueta.
1690 2377 1751 2419 Et
1781 2392 1860 2433 ego
1891 2392 1988 2419 vero
2018 2391 2110 2431 pre-

164 2471 302 2513 dictus
332 2470 361 2513 J
364 2484 573 2513 OHANNES
607 2473 647 2512 et
678 2470 851 2512 heredes
880 2470 965 2512 mei
995 2469 1228 2525 predictam
1258 2469 1531 2511 medietatem
1561 2468 1761 2524 burg-agii
1792 2482 1887 2509 cum
1918 2467 2113 2509 omnibus

169 2562 254 2604 suis
283 2562 555 2618 pertinenciis
599 2561 777 2617 prefatis
807 2560 1066 2604 WILLELMO
1098 2564 1141 2603 et
1175 2560 1205 2604 J
1207 2575 1395 2602 OHANNE
1432 2560 1555 2602 uxori
1590 2559 1684 2615 ejus
1728 2561 1771 2600 et
1809 2558 2033 2600 heredibus
2063 2558 2115 2600 de

166 2652 407 2709 corporibus
427 2653 513 2695 suis
532 2653 725 2709 legitime
746 2653 973 2708 procreatis
994 2656 1140 2694 contra
1161 2667 1306 2694 omnes
1327 2655 1476 2707 gentes
1497 2649 1864 2692 warantizabimus
1885 2653 1927 2691 et
1959 2649 2112 2703 imper-

166 2747 345 2798 petuum
375 2743 664 2786 defendemus
741 2743 804 2785 Et
834 2743 869 2785 si
899 2743 1121 2799 contingat
1152 2743 1266 2798 quod
1295 2741 1474 2798 predicti
1504 2740 1789 2784 WILLELMUS
1821 2742 1863 2781 et
1893 2738 1922 2781 J
1924 2753 2113 2781 OHANNA

170 2833 351 2877 obierint
373 2835 462 2876 sine
483 2833 710 2876 heredibus
731 2835 783 2875 de
804 2833 1046 2889 corporibus
1068 2834 1152 2876 suis
1173 2833 1364 2888 legitime
1385 2833 1611 2888 procreatis
1632 2831 1744 2886 quod
1766 2830 1874 2872 absit
1895 2833 1998 2871 tunc
2018 2829 2113 2871 volo

171 2927 214 2967 et
229 2925 410 2967 concedo
431 2926 544 2980 quod
567 2925 754 2980 predicta
774 2925 980 2966 medietas
1000 2924 1201 2980 burgagii
1223 2939 1317 2965 cum
1338 2922 1534 2965 omnibus
1565 2921 1649 2963 suis
1679 2920 1946 2977 pertinentiis
1975 2934 2113 2961 rever-

168 3018 315 3058 tantur
334 3015 442 3057 mihi
462 3015 689 3058 heredibus
709 3018 752 3057 et
773 3015 999 3071 assignatis
1018 3015 1123 3057 meis
1142 3015 1469 3070 imperpetuum.
1531 3012 1587 3054 In
1608 3012 1674 3067 cuj
1680 3027 1729 3053 us
1744 3011 1806 3053 rei
1822 3009 2116 3052 testimonium
