2386 3645
1940 282 2048 323 1601

987 507 1304 551 MCLXXIII.

255 615 466 658 ROYAL
507 614 722 658 GRANT
763 613 850 656 BY
890 613 1120 657 HENRY
1159 614 1256 667 VI.‚
1299 614 1374 657 ΤΟ
1416 615 1745 670 TRUSTEES,
1787 618 1865 660 OF
1905 618 2034 662 THE

531 704 794 748 OASTLES
836 704 912 747 OF
954 703 1318 757 KIDWELLY,
1362 705 1632 758 OGMORE,
1673 707 1777 751 Ero.

182 812 276 869 [W.
309 813 494 864 HARDY,
528 812 799 855 ‘CHARTERS
821 826 874 854 OF
896 826 987 853 THE
1018 812 1184 854 Ducny
1214 827 1267 854 OF
1307 812 1602 866 LANOASTER‚'
1636 816 1761 867 1845,
1792 830 1830 858 P.
1864 817 1961 868 228,
1993 831 2114 859 FRoM

390 903 498 946 Rom
532 903 672 945 PARL.
704 904 760 945 23
792 903 917 945 HEN.
951 903 1048 955 VI.‚
1081 918 1127 945 M.
1161 905 1229 956 24,
1261 904 1345 946 No.
1381 905 1447 955 17,
1480 919 1529 947 IN
1560 905 1705 947 Tmm.
1737 905 1904 963 L0Nn.]

1270 1013 1324 1054 29
1357 1012 1493 1054 JUNE.
1555 1013 1610 1054 23
1642 1013 1766 1055 HEN.
1789 1013 1871 1056 VI.
1935 1015 2058 1057 1445.

238 1118 479 1160 HENRICUS
501 1117 597 1160 Rex
618 1122 696 1160 etc.
719 1122 796 1160 etc.
820 1118 1016 1160 omnibus
1036 1119 1091 1160 ad
1114 1134 1218 1174 quos
1238 1122 1451 1174 presentes
1471 1119 1606 1162 literae
1627 1121 1896 1175 pervenerint
1915 1122 2106 1164 salutem.

237 1207 389 1251 Sciatis
409 1209 522 1263 quod
543 1223 620 1250 nos
643 1242 651 1250 .
674 1224 725 1251 ex
748 1212 861 1250 certa
894 1209 1068 1251 scientia
1089 1213 1131 1251 et
1152 1224 1267 1252 mero
1300 1213 1420 1252 motu
1453 1211 1607 1252 nostris
1630 1244 1639 1253 .
1663 1211 1786 1252 certis
1818 1212 2060 1253 necessariis
2081 1216 2123 1254 et

180 1282 513 1341 notabilibus'de
534 1299 668 1341 causis
689 1314 765 1342 nos
785 1300 937 1341 intime
958 1300 1227 1342 moventibus
1249 1331 1258 1340 .
1281 1301 1477 1343 dedimus
1497 1301 1774 1343 concessimus
1791 1304 1833 1343 et
1847 1301 1925 1343 hac
1940 1302 2124 1357 presenti

183 1393 297 1432 carta
317 1393 462 1432 nostra
482 1391 824 1433 confirmavimus
843 1405 920 1446 pro
941 1390 1062 1433 nobis
1082 1394 1125 1433 et
1152 1391 1376 1434 heredibus
1408 1392 1561 1433 nostris
1593 1391 1904 1434 venerabilibus
1935 1392 2125 1448 patribus

178 1480 211 1524 J
214 1495 391 1522 OHANNI
434 1481 639 1523 cardinali
680 1481 991 1536 archiepiscopo
1038 1481 1324 1524 EBORACENsr
1362 1516 1369 1524 .
1408 1482 1437 1524 J
1440 1496 1616 1524 OHANNI
1660 1482 1967 1539 archiepiscopo
2009 1482 2125 1525 CAN-

181 1586 423 1615 TUARIENSI
457 1606 464 1613 .
502 1572 716 1614 ROBERTO
756 1571 1071 1614 LoNnomENsI
1116 1606 1124 1614 .
1160 1572 1417 1616 WILLELMo
1457 1572 1783 1615 LINCOLNIENSI
1826 1606 1834 1614 .
1870 1572 2129 1616 WILLELMo

183 1661 541 1704 SARESBERIENSI
566 1696 574 1704 .
598 1662 779 1704 THOMAE
799 1662 1117 1705 BATHomENsl
1140 1667 1181 1704 et
1203 1662 1451 1706 WELLENSI
1476 1697 1484 1704 .
1508 1679 1555 1705 ac
1575 1663 1604 1706 J
1607 1678 1784 1705 OHANNI
1806 1662 2129 1706 WIGORNIENSI

185 1753 389 1808 episcopis
411 1787 419 1795 .
442 1752 702 1796 WILLELMO
732 1753 969 1795 marchioni
1000 1752 1284 1796 SUFFOLCHIE
1309 1787 1317 1795 .
1342 1754 1556 1796 HENRICO
1577 1753 1935 1795 NORTHUMBRIAE
1955 1754 2098 1796 comiti
2121 1787 2129 1796 .

182 1843 214 1887 J
217 1858 394 1886 OHANNI
415 1844 651 1886 vicecomiti
672 1844 930 1886 BEAUMONT
949 1878 957 1886 .
974 1844 1207 1888 WALTERO
1228 1845 1399 1887 domino
1423 1845 1474 1886 de
1496 1844 1821 1886 HUNGERFORD
1845 1878 1852 1886 .
1878 1844 2132 1886 RADULPHO

185 1935 356 1977 domino
396 1935 450 1976 de
490 1934 747 1977 CROMWELL
781 1969 789 1977 .
823 1938 865 1977 et
905 1935 1163 1977 RADULPHO
1204 1937 1255 1977 de
1297 1934 1537 1977 SEUDELEY
1569 1969 1577 1977 .
1610 1935 1639 1978 J
1642 1950 1818 1977 OHANNI
1859 1935 2090 1977 SOMERSET
2122 1969 2131 1978 .

185 2025 400 2067 HEcho
431 2024 583 2067 SEUER
611 2059 618 2067 .
647 2025 856 2068 JOHANNI
888 2025 1107 2068 LANGTON
1141 2060 1149 2068 .
1184 2026 1387 2068 RICARDo
1417 2026 1658 2068 ANDREWE
1691 2059 1700 2068 .
1733 2026 1849 2068 ADAE
1879 2026 2099 2068 MOLEYNS
2121 2060 2130 2069 .

183 2115 214 2158 J
216 2130 393 2157 OHANNI
421 2116 474 2158 de
499 2116 541 2158 la
569 2115 698 2158 BERE
723 2150 731 2158 .
756 2115 989 2160 WALTERO
1021 2116 1215 2159 LYHERT
1237 2150 1245 2160 .
1269 2120 1311 2159 et
1333 2116 1565 2160 WALTERO
1595 2115 1881 2158 SHIRINGTON
1907 2150 1914 2159 .
1939 2117 2096 2159 clericis
2119 2151 2127 2159 .

185 2206 416 2249 EDMUNDo
438 2207 765 2249 HUNGERFORD
788 2242 796 2249 .
820 2208 849 2250 J
853 2222 1031 2250 OHANNI
1071 2208 1359 2249 BEAUCHAMP
1383 2241 1390 2249 .
1414 2207 1443 2250 J
1446 2222 1580 2249 ACOBO
1616 2207 1768 2249 FENYS
1791 2242 1799 2250 .
1824 2211 1867 2250 et
1898 2207 2131 2250 EnwARno

186 2296 324 2339 HULL
357 2297 566 2340 militibus
591 2332 599 2340 .
624 2298 653 2340 J
656 2313 833 2341 OHANNI
870 2298 1081 2341 SAINTLol
1109 2331 1116 2340 ς
1141 2298 1170 2341 J
1173 2313 1349 2340 OHANNI
1385 2298 1617 2340 HAMPTON
1640 2331 1650 2342 .
1671 2297 1701 2341 J
1703 2313 1880 2340 OHANNI
1915 2299 2099 2341 Nonnrs
2121 2346 2129 2354 ι

186 2387 444 2431 WILLELMO
476 2388 699 2430 TRESHAM
734 2423 742 2431 .
779 2389 988 2432 JOHANNI
1009 2389 1237 2432 VAMPAGE
1272 2423 1280 2431 .
1316 2392 1358 2431 et
1391 2389 1594 2431 RICARDO
1628 2389 1788 2430 ALRED
1823 2422 1830 2430 .
1866 2389 2086 2445 armigeris
2120 2423 2128 2431 .

184 2481 322 2520 castra
345 2512 353 2520 .
377 2479 567 2520 dominia
594 2482 637 2521 et
667 2480 857 2521 maneria
891 2481 942 2522 de
976 2479 1242 2521 KEDWELLY
1265 2513 1272 2521 .
1296 2478 1583 2521 KAIRKENNY
1605 2512 1613 2520 .
1637 2478 1844 2520 ISKENNY
1866 2512 1874 2520 .
1899 2483 1940 2520 et
1974 2478 2131 2521 KARN-

187 2583 413 2611 WALTHAN
437 2603 445 2611 .
471 2584 567 2611 cum
587 2569 787 2612 membris
809 2574 850 2612 et
873 2570 1141 2626 pertinentiis
1162 2571 1246 2612 suis
1270 2603 1277 2611 .
1302 2574 1484 2611 castrum
1508 2602 1517 2611 .
1539 2570 1777 2611 manerium
1799 2603 1808 2611 .
1832 2574 1873 2612 et
1894 2570 2131 2612 dominium

188 2661 240 2703 de
275 2659 528 2703 OGGEMORE
562 2676 658 2703 cum
690 2661 891 2704 membris
912 2665 954 2704 et
982 2661 1251 2717 pertinentiis
1271 2661 1356 2702 suis
1390 2693 1399 2702 .
1434 2668 1569 2702 castra
1601 2660 1789 2702 dominia
1811 2663 1853 2702 et
1871 2661 2061 2703 maneria
2081 2662 2133 2704 de

187 2750 522 2793 MONNEMOUTH
565 2784 573 2793 .
617 2750 911 2794 GROSSEMONT
953 2786 961 2794 .
1004 2751 1275 2794 SKENFRITH
1315 2755 1357 2793 et
1397 2750 1757 2794 WHITECASTELL
1800 2766 1895 2792 cum
1935 2751 2134 2794 membris

188 2845 231 2883 et
260 2842 530 2897 pertinentiis
570 2843 656 2885 suis
703 2876 709 2884 .
761 2847 803 2885 et
835 2843 1073 2885 manerium
1105 2843 1194 2884 sive
1224 2842 1461 2884 dominium
1493 2842 1545 2883 de
1579 2841 1769 2883 ΕΒΒΟΤΗ
1805 2856 1900 2883 cum
1934 2841 2133 2884 membris

192 2936 232 2975 et
274 2933 542 2988 pertinentiis
583 2933 669 2975 suis
707 2933 754 2975 in
796 2932 1101 2975 SUTHWALLIA
1142 2938 1183 2974 et
1218 2932 1415 2974 marchiis
1455 2931 1649 2987 ejusdem
1685 2965 1694 2974 .
1732 2935 1807 2973 etc.
1870 2931 2134 2973 Habendum

190 3027 233 3066 et
267 3024 504 3066 tenendum
540 3024 683 3066 omnia
719 3024 923 3080 praedicta
960 3027 1095 3066 castra
1132 3057 1140 3065 .
1180 3027 1273 3074 etc.‚
1311 3023 1470 3065 eisdem
1506 3021 1710 3064 cardinali
1742 3054 1752 3064 .
1783 3020 2091 3076 archiepiscopo
2124 3055 2132 3063 .

391 3163 457 3199 9A
