2386 3645
294 262 406 304 1322

290 469 352 512 Et
371 485 449 513 nos
468 469 597 514 abbas
617 472 660 513 et
680 472 912 513 conventus
932 468 1111 525 predicti
1130 470 1262 510 terras
1282 470 1528 510 tenementa
1543 466 1865 510 advocationem
1885 468 1928 508 et
1947 466 2019 522 jus
2038 468 2179 522 patro-

232 562 360 603 natus
389 560 593 617 praedicta
623 576 719 604 cum
749 561 836 604 suis
859 559 1028 616 juribus
1058 562 1100 602 et
1129 558 1398 615 pertinentiis
1432 557 1640 600 universis
1668 559 1718 600 ut
1747 556 1975 612 praefertur
2000 556 2181 612 praefato

231 651 405 694 domino
425 650 542 695 ΑΜΕ
562 651 789 695 heredibus
818 651 905 694 suis
925 654 968 693 et
995 650 1223 706 assignatis
1254 652 1399 692 contra
1429 663 1701 705 quoscunque
1731 647 1931 690 mortales
1960 647 2180 690 warranti-

230 741 420 785 zabimus
440 742 718 785 defendemus
739 745 783 784 et
803 741 1137 798 acquietabimus
1157 740 1318 783 cunctis
1338 739 1598 796 temporibus
1618 741 1714 795 post
1732 738 1903 781 futuris.

287 832 345 876 In
385 833 508 890 cujus
547 834 609 876 rei
648 833 941 877 testimonium
975 847 1053 875 nos
1091 831 1222 875 abbas
1263 834 1306 874 et
1345 833 1577 874 conventus
1621 829 1815 886 praedicti
1855 828 1998 886 sigilla
2036 832 2181 872 nostra

226 923 508 981 praesentibus
529 924 815 981 apposuimus.

286 1015 453 1058 Datum
481 1016 527 1058 in
556 1016 683 1059 domo
707 1018 852 1058 nostra
884 1015 1109 1071 capitulari
1144 1028 1256 1057 anno
1288 1013 1469 1057 Domini
1500 1011 1726 1054 millesimo
1759 1017 1884 1054 cocm0·
1917 1011 2180 1068 sexagesimo

226 1107 406 1163 septimo
427 1107 496 1150 die
516 1106 655 1150 Lunae
675 1107 869 1163 proxima
889 1109 985 1163 post
1005 1106 1164 1149 festum
1183 1105 1331 1148 Sancti
1351 1104 1381 1148 J
1383 1118 1510 1146 Acom
1532 1106 1574 1147 et
1596 1102 1970 1146 CHRISTOPHER1.¹

347 1197 395 1236 (1)
419 1196 515 1227 Error
530 1197 689 1236 probably
703 1198 755 1227 for
770 1196 1006 1236 chrysostomi.
1049 1196 1116 1226 The
1131 1196 1194 1234 day
1210 1196 1243 1225 of
1265 1194 1320 1225 SS.
1335 1194 1356 1224 J
1359 1203 1447 1224 ames
1461 1194 1525 1223 and
1541 1193 1753 1232 Ohrysostom
1768 1193 1796 1222 is
1812 1193 1889 1223 27th
1902 1193 1924 1222 J
1927 1202 2061 1231 anuary.

1066 1485 1328 1529 MXXXII.

223 1593 439 1639 GRANT
498 1594 586 1638 BY
644 1594 746 1637 SIR
791 1593 960 1637 JOHN
1020 1593 1105 1636 DE
1165 1591 1431 1636 RALEGH
1492 1591 1571 1634 OF
1628 1591 1760 1634 THE
1818 1591 2046 1634 MANOR
2097 1591 2177 1634 OF

364 1684 796 1730 MIHELSTOWE
837 1684 913 1727 ΤΟ
954 1683 1124 1728 JOHN
1156 1682 1464 1736 HYWYOH,
1505 1681 1754 1726 REOTOR
1790 1682 1869 1725 OF
1902 1682 2174 1726 NETTEL-

367 1776 558 1830 OUMB,
608 1776 743 1820 AND
796 1775 1058 1828 OTHERS,
1108 1775 1213 1817 Ero.

735 1883 934 1942 [OorTON
963 1882 1059 1927 MS.
1120 1882 1223 1926 JUL.
1257 1882 1305 1925 G,
1336 1881 1447 1926 VII.
1479 1883 1507 1925 f.
1543 1880 1663 1939 177.]

1415 1991 1471 2032 42
1502 1989 1631 2032 Enw.
1663 1988 1755 2032 III.
1819 1990 2117 2033 1368—1369.

279 2101 427 2146 Sciant
466 2103 681 2158 presentes
713 2102 755 2143 et
790 2099 928 2143 futuri
961 2099 1076 2156 quod
1115 2113 1196 2155 ego
1231 2097 1261 2141 J
1263 2112 1473 2140 OHANNES
1514 2098 1567 2140 de
1602 2097 1801 2140 RALEGH
1834 2097 1958 2140 miles
1998 2098 2096 2140 dedi
2137 2100 2180 2141 et

222 2193 405 2238 concessi
425 2192 455 2236 J
457 2206 634 2235 OHANNI
656 2191 869 2234 HYWYCH
890 2191 1042 2233 rectori
1068 2189 1238 2233 ecclesie
1268 2190 1321 2232 de
1351 2188 1663 2232 NETTELCUMB
1696 2188 1865 2231 THOME
1896 2190 1949 2232 de
1980 2189 2180 2232 RALEGH

224 2287 268 2329 et
287 2284 502 2328 HEcho
522 2282 730 2325 FORSTER
759 2281 1000 2325 manerium
1029 2295 1173 2324 meum
1203 2281 1256 2323 de
1285 2280 1614 2322 MfflELsrova.
1677 2279 1791 2322 Dedi
1821 2279 1950 2322 etiam
1980 2279 2182 2336 predictis

223 2376 507 2421 reversionem
536 2377 878 2417 tenementorum
908 2388 989 2429 que
1019 2372 1264 2415 PArmcms
1294 2372 1347 2414 de
1377 2370 1557 2413 Momm
1587 2372 1706 2413 tenet
1735 2371 1788 2412 de
1819 2370 2064 2413 dimissione
2084 2386 2180 2414 mea

225 2468 272 2512 in
291 2467 576 2510 LANCARVAN
606 2466 662 2508 ad
690 2464 924 2508 terminum
953 2464 1053 2506 vite.
1115 2463 1218 2506 Hiis
1252 2461 1461 2505 testibus.
1485 2461 1756 2504 LAURENTIO
1787 2462 1840 2504 de
1870 2461 2146 2505 BERKROLES
2169 2495 2178 2505 .

223 2559 459 2602 EDWARDO
500 2557 821 2600 STRADELINGE
862 2555 1082 2599 militibus.
1155 2554 1287 2597 Anno
1321 2553 1446 2609 regni
1486 2553 1621 2609 Regis
1656 2553 1884 2595 EDWARDI
1926 2553 2044 2596 tertii
2083 2557 2179 2610 post

225 2653 502 2706 conquestum
532 2663 642 2692 XLII.

284 2742 340 2785 In
361 2741 434 2784 the
454 2740 624 2797 margin
644 2740 680 2782 is
700 2754 725 2782 a
745 2738 940 2795 drawing
961 2738 1006 2781 of
1036 2753 1061 2781 a
1080 2738 1220 2780 round
1239 2737 1338 2790 soal,
1356 2751 1412 2779 an
1431 2736 1532 2778 inch
1553 2736 1639 2778 and
1659 2750 1685 2778 a
1701 2738 1873 2792 quarter
1892 2735 1938 2778 in
1960 2735 2177 2779 diameter.

225 2833 283 2877 In
303 2850 328 2876 a
349 2833 502 2876 carved
522 2831 679 2883 device,
701 2846 726 2873 a
747 2830 884 2873 shield
904 2829 949 2872 ot
970 2845 1094 2882 arms,
1116 2827 1271 2872 couche
1288 2844 1298 2881 ;
1330 2828 1525 2884 lozengy‚
1541 2842 1567 2869 a
1581 2826 1706 2869 bend.
1771 2826 1891 2870 Grest
1906 2842 1961 2869 on
1981 2841 2006 2869 a
2020 2826 2181 2870 helmet

225 2925 312 2969 and
332 2923 561 2980 mantling‚
583 2938 609 2965 a
629 2921 818 2978 ohapeau
836 2920 1029 2964 between
1050 2936 1075 2963 a
1095 2920 1189 2976 pair
1209 2919 1254 2962 of
1284 2919 1455 2962 antlers.

283 3015 535 3072 Legend--‘
550 3027 767 3057 SIGILLUM
787 3027 1013 3055 JOHANNIS
1034 3027 1092 3054 DE
1115 3010 1329 3054 ΒΑΕΕΟΗ]
