2386 3645
1935 294 2044 336 1577

247 505 321 532 seu
342 505 467 533 causa
485 505 561 546 per
581 490 714 533 dictos
741 491 934 534 dominos
964 492 1017 533 de
1048 492 1269 535 OGEMORE
1300 495 1588 550 progenitores
1617 500 1781 540 nostros
1810 499 1896 541 sive
1925 515 2000 555 per
2028 516 2105 544 nos

246 581 465 624 retroactis
494 580 755 637 temporibus
773 581 921 624 habita
950 597 1036 624 11011
1067 583 1272 626 obstante.
1355 584 1411 627 In
1448 585 1570 642 cujus
1605 587 1665 629 rei
1701 589 1992 633 testimonium
2027 591 2104 634 has

246 672 412 714 litteras
431 676 596 715 nostras
616 672 707 714 fieri
726 672 906 715 fecimus
925 676 1131 728 patentes.

301 762 468 805 Datum
488 762 566 805 sub
583 762 723 818 sigillo
739 765 883 805 nostro
900 763 1079 806 ducatus
1093 765 1227 807 nostri
1247 765 1535 808 LANcAsTRIE
1557 768 1672 823 apud
1687 769 1899 823 palacium
1910 774 2103 813 nostrum

244 853 660 896 WESTMONASTERII
681 854 878 896 vicesimo
899 857 1046 896 octavo
1067 855 1135 896 die
1155 855 1319 911 Aprilis
1340 872 1452 899 anno
1473 857 1596 913 regni
1616 859 1750 900 nostri
1766 859 1927 902 decimo
1944 865 2102 903 octavo.

248 945 412 1000 (1440.)

215 1035 400 1091 Jamque
428 1036 585 1091 prefati
615 1051 729 1078 nunc
758 1035 887 1078 abbas
911 1039 954 1079 et
983 1040 1216 1080 conventus
1242 1038 1364 1081 nobis
1391 1043 1736 1083 monstraverunt
1764 1043 1878 1097 quod
1907 1042 2006 1085 licet
2025 1043 2107 1098 ipsi

155 1127 457 1183 possessionem
477 1129 687 1169 terrarum
707 1130 738 1169 t,
761 1142 816 1169 m.
840 1143 877 1169 a.
900 1143 941 1183 p.
964 1143 1004 1183 p.
1028 1144 1069 1170 n.
1093 1144 1126 1170 r.
1148 1145 1181 1170 r.
1205 1132 1247 1171 et
1268 1130 1538 1173 serviciorum
1555 1131 1841 1186 predictorum
1862 1148 1958 1175 011111
1979 1134 2106 1189 perti-

156 1219 318 1261 nenciis
352 1220 552 1275 pretextu
581 1218 822 1261 litterarum
851 1220 1137 1274 predictarum
1168 1220 1345 1264 fuerunt
1375 1222 1543 1277 adepti3
1585 1222 1677 1278 Ipsi
1707 1227 1851 1265 tamen
1883 1225 2108 1279 quominus

642 1282 658 1296 1

157 1309 297 1352 exitus
317 1310 586 1352 revenciones
606 1313 649 1352 et
673 1310 860 1365 proficua
886 1312 1116 1353 eorundem
1142 1315 1351 1354 terrarum
1376 1316 1406 1354 t.
1429 1328 1486 1355 m.
1510 1329 1547 1355 a.
1570 1329 1610 1369 p.
1635 1329 1676 1369 p.
1701 1330 1742 1356 11.
1766 1330 1798 1357 r.
1822 1330 1855 1357 r.
1879 1318 1921 1357 et
1943 1316 2108 1358 servici-

157 1416 280 1443 orum
301 1401 587 1457 predictorum
608 1404 780 1456 propter
807 1401 944 1443 varias
971 1401 1274 1458 ambiguitates
1294 1404 1563 1459 excepciones
1579 1405 1896 1448 contrarietates
1912 1409 1955 1448 et
1970 1407 2111 1449 minus

156 1507 277 1534 veras
298 1492 384 1534 sive
404 1492 467 1547 inj
474 1497 590 1534 ustas
610 1495 659 1534 ut
680 1492 835 1534 dicitur
855 1493 1126 1535 recitaciones
1146 1493 1192 1535 in
1213 1494 1370 1536 eisdem
1391 1495 1545 1538 litteris
1564 1496 1719 1538 nostris
1746 1497 1837 1539 fore
1859 1498 2109 1553 suppositas,

157 1598 233 1639 per
254 1584 459 1639 quosdam
480 1583 697 1625 ministros
718 1587 761 1625 et
782 1583 1001 1625 officiarios
1021 1588 1186 1626 nostros
1205 1586 1416 1641 prepediti
1446 1586 1635 1629 existunt
1657 1587 1702 1628 in
1733 1589 1963 1630 eorundem
1995 1603 2110 1631 nunc

157 1674 322 1717 abbatis
344 1680 386 1717 et
407 1677 641 1717 conventus
657 1675 928 1731 dispendium
948 1690 1035 1717 non
1055 1676 1269 1718 modicum
1286 1680 1327 1718 et
1344 1692 1588 1732 gravamen,
1611 1679 1725 1720 unde
1746 1678 1867 1720 nobis
1887 1678 2110 1721 humilime

157 1766 452 1822 supplicarunt
473 1769 523 1808 ut
543 1766 603 1808 eis
634 1767 819 1822 gratiam
850 1770 1039 1809 nostram
1069 1767 1115 1809 in
1145 1767 1223 1810 hac
1253 1772 1372 1823 parte
1401 1768 1611 1823 impartiri
1631 1768 1935 1825 benignissime
1956 1771 2108 1827 digna-

155 1873 298 1900 remur
316 1874 326 1909 ;
358 1857 452 1900 Nos
472 1872 618 1899 eorum
638 1857 832 1913 precibus
852 1857 1143 1900 favorabiliter
1162 1859 1369 1911 inclinati,
1393 1860 1445 1901 de
1475 1859 1613 1915 gratia
1633 1863 1777 1902 nostra
1798 1861 1966 1916 speciali
1988 1877 2036 1903 ac
2055 1877 2108 1904 ex

154 1963 271 1991 mero
304 1956 424 1991 motu
457 1952 500 1992 et
532 1952 645 1992 certa
677 1949 855 1992 sciencia
895 1949 1061 2002 nostris,
1098 1950 1376 1992 concessimus
1411 1954 1453 1992 et
1485 1966 1560 2006 per
1595 1956 1808 2006 presentes
1841 1953 2108 1995 concedimus

156 2040 314 2082 eisdem
334 2055 449 2082 nunc
470 2039 615 2082 abbati
636 2043 679 2082 et
700 2040 927 2082 conventui
948 2044 989 2082 et
1018 2040 1321 2083 successoribus
1351 2041 1436 2083 suis
1465 2042 1636 2097 plenam
1667 2045 1709 2084 et
1738 2042 1952 2099 integram
1983 2044 2104 2086 resti-

152 2131 367 2174 tucionem
399 2147 447 2174 ac
479 2130 778 2174 liberacionem
813 2132 1005 2173 omnium
1046 2134 1267 2183 terrarum,
1308 2135 1401 2184 etc.‚
1444 2136 1537 2184 etc„
1579 2133 1849 2176 serviciorum
1890 2149 1986 2176 cum
2019 2135 2104 2176 suis

152 2222 426 2278 pertinenciis
447 2237 529 2277 que
549 2237 739 2278 unquam
759 2222 988 2264 habuimus
1007 2223 1119 2264 inter
1148 2223 1282 2264 dictas
1312 2237 1442 2278 aquas
1473 2224 1525 2264 de
1555 2222 1822 2266 UKGEMORE
1855 2227 1897 2267 et
1929 2224 2102 2267 GARWE

153 2313 208 2355 ab
239 2328 288 2355 eo
323 2314 413 2355 loco
449 2313 523 2355 ubi
560 2312 731 2356 GARWE
769 2314 882 2356 cadit
902 2314 949 2355 in
984 2313 1251 2355 UKGEMORE
1278 2329 1410 2369 usque
1446 2315 1500 2356 ad
1535 2318 1692 2356 terram
1725 2315 1777 2356 de
1806 2315 2024 2367 Romm,
2056 2331 2103 2358 ac

152 2404 311 2446 eisdem
331 2419 445 2446 nunc
466 2403 611 2446 abbati
632 2408 675 2447 et
695 2405 923 2447 conventui
937 2408 987 2446 -et
1016 2403 1320 2447 successoribus
1340 2404 1426 2446 suis
1455 2409 1600 2456 terras,
1633 2408 1726 2458 etc„
1749 2409 1842 2457 etc.‚
1865 2411 1907 2448 et
1928 2406 2100 2448 servicia

149 2495 226 2537 illa
246 2511 342 2537 cum
363 2495 636 2551 pertinenciis
651 2496 738 2538 suis
752 2496 970 2538 reddimus
985 2495 1247 2537 restituimus
1268 2496 1418 2537 damus
1434 2498 1476 2537 et
1497 2496 1763 2538 concedimus
1782 2512 1858 2552 per
1872 2501 2096 2552 presentes.

151 2586 417 2643 Habendum
437 2590 479 2629 et
499 2588 733 2629 tenendum
754 2587 913 2629 eisdem
933 2603 1047 2629 nunc
1068 2586 1212 2629 abbati
1233 2590 1275 2628 et
1301 2587 1529 2629 conventui
1549 2590 1593 2629 et
1622 2587 1924 2630 successoribus
1945 2589 2030 2630 suis
2049 2603 2099 2630 ea

148 2682 297 2730 terras,
319 2682 412 2730 etc„
434 2682 511 2720 etc.
518 2711 528 2730 ,
550 2678 724 2720 servicia
743 2679 933 2734 predicta
953 2693 1050 2720 cum
1070 2677 1341 2733 pertinenciis
1366 2678 1451 2719 suis
1471 2693 1496 2719 a
1516 2678 1705 2733 predicto
1734 2678 1929 2720 vicesimo
1951 2682 2097 2721 octavo

149 2769 220 2811 die
248 2768 413 2825 Aprilis
442 2784 530 2811 una
561 2784 656 2811 cum
686 2769 871 2811 exitibus
900 2772 943 2811 et
971 2768 1168 2824 proficuis
1197 2769 1298 2810 inde
1327 2768 1381 2810 ab
1411 2770 1560 2811 eodem
1590 2769 1658 2811 die
1678 2769 2023 2824 provenientibus
2043 2771 2095 2812 de

146 2859 269 2902 nobis
298 2863 342 2901 et
370 2859 597 2902 heredibus
627 2860 780 2902 nostris
810 2860 855 2902 in
886 2860 1125 2902 relevamen
1165 2859 1428 2915 paupertatis
1455 2863 1497 2901 et
1536 2859 1678 2915 inopie
1719 2860 1947 2902 eorundem
1979 2875 2094 2903 nunc
2143 2894 2146 2897 .

148 2950 314 2993 abbatis
343 2954 387 2993 et
417 2955 649 2992 conventus
679 2954 721 2992 et
752 2965 1033 2993 successorum
1064 2964 1236 2992 suorum
1265 2950 1310 2991 in
1350 2952 1600 3005 perpetuam
1634 2950 1906 2992 elemosinam
1941 2950 2094 3005 imper-

147 3044 327 3097 petuum
356 3075 365 3085 .
391 3040 556 3097 Aliqua
585 3041 790 3083 varietate
820 3041 1116 3084 contrarietate
1146 3041 1479 3083 contradiccione
1509 3040 1797 3098 repugnancia
1827 3041 2098 3097 suggestione

354 3181 424 3216 8x
