2386 3645
304 331 417 372 1206
1369 365 1385 379 ν,

245 537 548 580 successoribus
573 536 618 578 in
649 539 913 592 perpetuum.
976 533 1295 576 Concessionem
1326 532 1454 574 etiam
1485 545 1612 587 quam
1643 530 1800 587 prefati
1830 530 2111 574 WILLELMUS
2141 534 2185 574 et

248 629 488 672 AJJANORA
539 628 732 670 fecerunt
780 641 854 682 per
903 626 1105 681 scriptum
1147 638 1272 666 suum
1310 622 1487 679 prefatis
1520 621 1737 665 monachis
1772 623 1886 678 quod
1915 622 1996 678 ipsi
2028 622 2187 665 dictam

248 720 463 762 ecclesiam
490 719 604 762 beati
629 717 786 760 Imm
815 732 910 759 cum
938 716 1099 772 capella
1129 719 1171 757 et
1200 714 1295 757 aliis
1323 713 1592 770 pertinentiis
1619 713 1706 755 suis
1732 713 2003 769 appropriare
2026 713 2189 769 possint

250 816 294 854 et
332 811 467 866 ipsam
508 808 822 866 appropriatam
862 808 908 849 111
947 806 1136 863 proprios
1176 821 1275 847 usus
1314 808 1457 847 tenere
1497 805 1542 845 in
1582 806 1863 859 perpetuum;
1900 803 2189 847 Donationem

249 901 421 957 insuper
456 899 762 943 concessionem
791 902 834 941 et
863 897 1224 940 confirmationem
1252 911 1356 951 quas
1385 895 1414 938 J
1418 908 1626 937 OHANNES
1657 895 1710 936 de
1733 894 1963 937 MOUBRAY
1993 895 2191 938 dominus

250 994 304 1036 de
337 992 582 1035 GOUHERlA
618 991 719 1032 fecit
753 1004 827 1045 per
862 992 1019 1031 cartam
1056 1002 1175 1030 suam
1205 986 1382 1043 prefatis
1408 984 1625 1028 monachis
1655 985 1708 1027 de
1735 984 1908 1027 licentia
1939 985 2192 1040 adquirendi

251 1088 294 1127 et
323 1084 368 1126 in
399 1098 574 1126 manum
606 1084 817 1124 mortuam
846 1079 1076 1135 recipiendi
1109 1093 1254 1121 omnes
1283 1081 1416 1120 terras
1447 1081 1490 1119 et
1521 1079 1766 1119 tenementa
1799 1091 1896 1118 cum
1925 1077 2195 1132 pertinentiis

250 1191 332 1231 que
378 1174 524 1216 Rnsus
562 1173 771 1217 WACHAN
810 1187 864 1227 ap
906 1171 1028 1213 REEs
1068 1185 1121 1225 ap
1161 1169 1340 1211 HowEL
1381 1169 1433 1210 de
1473 1168 1563 1224 ipso
1603 1167 1743 1210 tenuit
1791 1167 1837 1209 in
1887 1166 2101 1210 TALssoN'r
2146 1168 2193 1210 in

251 1264 461 1309 GOUHER'
485 1264 611 1307 simul
632 1278 728 1306 cum
749 1262 1021 1305 advocatione
1042 1261 1224 1304 eoelesiae
1245 1260 1437 1315 ejusdem
1468 1259 1581 1301 villae
1612 1258 1857 1301 habendum
1887 1262 1930 1301 et
1959 1259 2193 1301 tenendum

248 1356 447 1413 predictis
496 1354 714 1398 monachis
762 1358 805 1396 et
854 1368 999 1396 eorum
1054 1351 1356 1395 successoribus
1407 1351 1722 1406 imperpetuum
1781 1350 1844 1392 ita
1896 1351 2010 1406 quod
2062 1350 2195 1393 iidem

248 1446 444 1492 monaehi
494 1446 709 1489 ecclesiam
760 1444 992 1500 predictam
1032 1443 1301 1499 appropriare
1351 1442 1512 1498 possint
1563 1446 1606 1484 et
1644 1456 1738 1483 eam
1778 1441 1836 1483 sic
1880 1441 2196 1497 appropriatam

248 1543 391 1582 tenere
411 1538 456 1579 in
478 1537 615 1580 forma
635 1536 866 1592 prescripta
886 1538 978 1577 rata
997 1534 1201 1577 habentes
1221 1537 1262 1576 et
1284 1538 1408 1590 grata
1427 1548 1477 1575 ea
1497 1547 1573 1588 pro
1594 1532 1716 1575 nobis
1737 1536 1778 1574 et
1799 1531 2025 1575 heredibus
2040 1531 2196 1575 nostris

248 1628 523 1685 quantumin
559 1627 680 1670 nobis
710 1630 773 1669 est
805 1626 968 1668 dilectis
1000 1624 1122 1667 nobis
1156 1625 1202 1666 in
1239 1624 1437 1666 Cnnls'ro
1466 1639 1580 1666 nunc
1612 1622 1757 1666 abbati
1790 1626 1833 1665 et
1864 1623 2082 1666 monachis
2114 1623 2197 1666 loci

246 1719 425 1777 predicti
455 1723 498 1761 et
527 1732 674 1760 eorum
704 1716 1007 1760 successoribus
1035 1716 1349 1772 imperpetuum
1385 1715 1652 1757 concedimus
1677 1717 1721 1757 et
1757 1715 2056 1757 confirmamus
2089 1714 2197 1757 sicut

247 1814 363 1854 carta
383 1813 425 1852 et
441 1809 595 1865 scripta
615 1809 805 1864 predicta
824 1807 1132 1850 rationabiliter
1151 1809 1363 1849 testantur
1384 1810 1427 1848 et
1447 1808 1573 1860 prout
1592 1805 1675 1861 ipsi
1695 1809 1738 1848 et
1771 1820 1917 1848 eorum
1945 1819 2196 1848 successores

247 1905 378 1944 terras
399 1903 644 1943 tenementa
662 1898 855 1941 redditus
875 1898 1066 1941 ecclesias
1085 1897 1266 1953 capellas
1287 1900 1330 1938 et
1359 1896 1655 1938 advocationes
1689 1896 1903 1952 predictas
1936 1910 2032 1938 cum
2066 1895 2197 1952 perti-

246 1991 404 2034 nentiis
422 1990 628 2033 hactenus
647 1989 957 2033 rationabiliter
977 1992 1207 2031 tenuerunt
1228 1991 1270 2031 et
1290 1987 1558 2031 libertatibus
1578 1987 1779 2043 predictis
1799 1987 1865 2030 usi
1886 1985 2196 2030 rationabiliter

250 2085 293 2125 et
305 2082 454 2139 gavisi.
502 2081 606 2123 Hiis
626 2080 806 2123 testibus
824 2114 832 2122 .
850 2079 1162 2123 venerabilibus
1189 2079 1381 2136 patribus
1398 2079 1428 2122 J
1431 2093 1618 2121 OHANNE
1634 2077 1976 2121 CANTUARIENSI
1993 2077 2199 2134 archiepi-

247 2188 369 2229 scopo
390 2173 520 2216 totius
540 2172 739 2215 ANGLIAE
760 2172 941 2227 primate
961 2171 1209 2214 cancellario
1226 2174 1369 2212 nostro
1388 2205 1395 2212 .
1420 2170 1635 2212 HEcho
1656 2169 1850 2225 episcopo
1867 2167 2196 2211 meoLNmNsl

245 2263 506 2306 thesaurario
522 2266 666 2306 nostro
685 2297 693 2305 .
712 2262 955 2305 STEPHANO
968 2262 1159 2318 episcopo
1176 2261 1461 2304 LONmNENsI
1486 2295 1493 2302 .
1513 2260 1734 2303 Jommmz
1756 2260 1909 2302 comite
1931 2258 2198 2301 CORNUBIAE

245 2355 378 2398 fratre
407 2358 550 2398 nostro
581 2354 793 2396 carissimo
827 2389 834 2395 .
868 2352 1126 2397 anmo
1156 2354 1208 2394 de
1240 2353 1405 2394 MONTE
1436 2352 1590 2394 Acuvro
1623 2385 1631 2394 .
1665 2351 1879 2394 Romano
1910 2351 1963 2394 de
2003 2350 2198 2393 Umvonn

250 2446 475 2488 senescallo
496 2445 669 2501 hospicii
695 2444 827 2487 nostri
849 2449 891 2486 et
913 2444 1020 2486 aliis.

306 2538 471 2580 Datum
492 2552 566 2592 per
586 2551 763 2578 manum
783 2540 971 2578 nostram
993 2536 1106 2591 apud
1128 2534 1376 2578 WALTHAM
1399 2542 1544 2576 octavo
1565 2533 1634 2576 die
1653 2533 1829 2589 Aprilis.

760 2626 903 2656 william
919 2626 956 2655 de
973 2625 1163 2664 Wyncestre
1178 2635 1213 2653 01·
1228 2626 1266 2654 de
1282 2625 1460 2654 Wintonia.
1505 2624 1575 2654 Vid.
1594 2623 1688 2653 CLX.
