2386 3645
302 268 412 309 1252

241 474 438 531 legitima
458 474 666 517 viduitate
697 489 772 516 sua
802 475 854 517 de
885 475 1056 518 consilio
1078 479 1119 518 et
1149 491 1320 519 assensu
1340 477 1503 519 domini
1524 477 1754 520 JOHANNIS
1774 477 1972 520 DAVENE
1995 478 2073 519 filii
2093 478 2195 521 sui..

249 565 369 607 dedit
404 599 414 608 .
451 565 651 608 concessit
674 599 683 608 .
707 569 750 607 et
776 566 854 608 hoc
887 566 1072 621 presenti
1101 567 1254 622 scripto
1286 567 1579 624 cirographato
1608 568 1873 610 confirmavit
1902 568 2102 624 predictis
2132 602 2141 611 .
2176 602 2186 611 .

244 656 390 698 abbati
411 659 453 697 et
474 656 701 698 conventui
721 657 773 698 de
794 656 995 699 MARGAN
1023 690 1032 699 .
1056 660 1098 699 et
1118 659 1349 700 eorundem
1377 658 1679 701 successoribus
1699 659 1744 700 in
1765 659 2033 701 excambium
2064 693 2072 702 .
2106 663 2201 702 tres-

243 760 360 788 acras
380 752 422 788 et
443 746 664 788 dimidiam
684 747 796 801 prati
817 762 913 788 cum
934 747 1019 789 suis
1040 748 1310 802 pertinenciis
1331 748 1376 790 in
1396 749 1573 791 marisco
1593 749 1791 791 DAVENE
1825 783 1833 791 .
1867 749 1995 796 Quod
2015 750 2191 805 quidem-

243 839 415 893 pratum
437 838 628 879 extendit
649 852 692 879 se
713 838 768 879 ad
787 839 972 880 veterem
993 838 1107 880 viam
1128 838 1173 880 in
1194 842 1313 893 parte
1335 839 1532 881 orientali
1564 873 1571 880 .
1606 843 1649 881 et
1675 841 1730 881 ad
1755 855 1928 896 parcum
1957 840 1987 883 J
1989 854 2197 883 oHANNIS-

243 927 380 970 DAVY
400 927 447 969 in
467 930 586 983 parte
615 928 865 970 occidentali
886 933 927 970 et
949 929 1080 970 eciam
1109 929 1154 970 in
1180 931 1337 971 terram
1358 929 1562 972 arabilem
1583 930 1777 986 ejusdem
1804 931 1833 974 J
1836 946 2035 973 OHANNIS
2054 932 2199 974 DAVY·

243 1019 290 1061 in
313 1018 614 1061 CLAUDSAUAN
636 1019 681 1061 in
703 1023 822 1075 parte
849 1019 1005 1062 boreali
1029 1053 1038 1061 .
1063 1023 1104 1061 et
1125 1022 1296 1075 pratum
1322 1020 1481 1062 fabrice
1502 1022 1554 1063 de
1575 1021 1779 1064 MARGAN
1809 1024 1923 1077 quod
1952 1023 2203 1078 appellatur>

244 1108 580 1151 SMYTHESMEDE
622 1110 667 1151 in
708 1113 827 1165 parte
869 1111 1044 1152 australi
1081 1144 1090 1152 .
1126 1109 1392 1152 Habendum
1433 1115 1474 1153 et
1510 1113 1743 1154 tenendum
1779 1114 1918 1154 totum
1953 1113 2192 1168 predictum

242 1204 414 1257 pratum
451 1216 547 1242 cum
583 1200 779 1242 omnibus
814 1201 899 1244 suis
931 1201 1198 1258 pertinentiis
1232 1234 1240 1243 .
1273 1201 1473 1257 predictis
1505 1236 1514 1244 .
1549 1236 1558 1245 .
1592 1202 1738 1245 abbati
1769 1206 1811 1245 et
1847 1204 2073 1246 conventui
2107 1238 2115 1246 .
2148 1207 2191 1247 et

242 1292 474 1333 eorundem
495 1291 799 1333 successoribus
822 1325 829 1333 .
854 1292 984 1334 libere
1014 1295 1055 1334 et
1087 1292 1228 1347 quiete
1259 1291 1312 1334 ab
1344 1293 1460 1334 omni
1491 1294 1667 1336 seculari
1699 1295 1871 1336 servicio
1903 1299 1944 1337 et
1978 1296 2202 1337 demanda!

240 1383 525 1438 qualicunque
565 1383 607 1424 in
651 1385 916 1438 perpetuum.
994 1382 1183 1424 Predicti
1224 1398 1321 1425 vero
1362 1384 1535 1426 domina
1575 1384 1867 1427 MARGARETA
1908 1389 1951 1428 et
1991 1387 2192 1428 dominus

240 1473 271 1517 J
273 1488 482 1516 OHANNES
511 1473 623 1515 filius
651 1473 746 1529 ejus
779 1507 786 1515 .
821 1477 864 1515 et
883 1473 1059 1515 heredes
1086 1474 1189 1515 dicti
1217 1475 1378 1516 domini
1407 1475 1436 1517 J
1439 1489 1638 1517 OHANNIS
1671 1476 1756 1518 sive
1787 1477 1993 1533 assignati
2024 1477 2157 1533 ipsius
2180 1511 2188 1520 .

238 1567 378 1606 totum
395 1563 632 1619 predictum
647 1567 818 1619 pratum
841 1579 936 1605 cum
958 1563 1154 1606 omnibus
1175 1564 1260 1606 suis
1281 1565 1551 1620 pertinentiis
1570 1599 1577 1608 .
1594 1566 1794 1621 predictis
1813 1601 1820 1608 .
1843 1599 1851 1608 .
1871 1566 2016 1609 abbati
2033 1570 2075 1609 et
2093 1583 2198 1610 con-⁴

235 1654 384 1697 ventui
408 1677 417 1696 ι
438 1669 484 1696 ac
507 1655 737 1696 eorundem
754 1654 1055 1707 successoribus
1071 1654 1409 1697 warantizabunt
1433 1690 1440 1698 .
1466 1657 1770 1712 acquietabunt
1788 1691 1796 1699 .
1821 1660 1863 1699 et
1885 1660 2030 1700 contra
2046 1673 2192 1701 omnes

238 1746 438 1788 mortales
459 1745 692 1787 defendent
711 1746 757 1787 in
779 1748 1043 1801 perpetuum.
1106 1746 1293 1788 Predicti
1312 1747 1441 1789 etiam
1461 1747 1590 1790 abbas
1605 1751 1646 1790 et
1663 1752 1896 1791 conventus
1912 1750 1965 1791 de
1986 1749 2192 1792 MARGAN

238 1838 291 1879 de
312 1851 456 1878 eorum
478 1836 651 1878 consilio
674 1836 889 1878 communi
911 1870 920 1879 .
944 1840 986 1878 et
1007 1852 1178 1878 assensu
1191 1838 1387 1879 unanimi
1409 1873 1417 1880 .
1442 1839 1652 1881 dederunt
1674 1872 1683 1881 .
1707 1844 1999 1882 concesserunt
2022 1874 2030 1882 .
2055 1843 2098 1882 et
2117 1856 2194 1896 per

241 1928 320 1970 hoc
341 1928 453 1970 idem
475 1928 679 1983 scriptum
702 1928 1047 1983 cirographatum
1073 1929 1431 1971 confirmaverunt
1456 1930 1655 1985 predictis
1677 1931 1848 1973 domine
1869 1931 2158 1974 MARGARETE
2182 1967 2190 1974 .

243 2025 285 2062 et
307 2019 479 2061 domino
500 2018 529 2061 J
532 2033 709 2060 OHANNI
731 2019 818 2061 filio
840 2019 933 2075 ejus
956 2054 964 2062 .
988 2023 1030 2061 et
1050 2019 1276 2062 heredibus
1298 2023 1340 2062 et
1361 2022 1587 2077 assignatis
1614 2022 1746 2077 ipsius
1776 2023 1939 2065 domini
1960 2023 1989 2066 J
1992 2038 2194 2066 oHANNIS

240 2111 431 2166 quinque
461 2125 576 2152 acras
604 2110 716 2166 prati
745 2126 839 2152 cum
870 2111 955 2153 suis
980 2111 1252 2167 pertinenciis
1282 2113 1327 2154 in
1356 2113 1504 2154 eodem
1531 2114 1707 2155 marisco
1739 2113 1937 2155 DAvE-NE
1971 2148 1978 2156 .
2013 2129 2194 2169 quarum

240 2202 324 2244 due
345 2217 437 2244 acre
459 2204 500 2243 et
521 2201 700 2242 dimidia
720 2201 863 2257 jacent
884 2202 928 2243 in
951 2203 1084 2244 veteri
1105 2204 1242 2245 walda
1263 2204 1375 2245 inter
1403 2203 1724 2246 PENTmnAvm
1745 2205 1790 2246 in
1811 2207 1931 2259 parte
1965 2205 2160 2247 orientali
2183 2240 2191 2248 .

241 2296 283 2335 et
305 2295 476 2348 pratum
493 2292 689 2334 RmARm
710 2293 750 2334 le
772 2291 987 2335 SANGARE
1001 2293 1045 2335 in
1062 2297 1182 2350 parte
1197 2295 1447 2337 occidentali
1465 2328 1473 2337 .
1493 2295 1574 2337 alie
1590 2298 1732 2337 autem
1750 2296 1833 2337 due
1850 2311 1942 2338 acre
1957 2299 1998 2338 et
2014 2296 2194 2339 dimidia

237 2383 384 2440 jacent
411 2384 522 2425 inter
550 2386 722 2439 pratum
746 2383 912 2426 ΤΗΟΜΕ
944 2384 1141 2427 DAVENE
1167 2386 1246 2428 filii
1273 2387 1459 2441 predicte
1488 2387 1659 2428 domine
1684 2387 1974 2429 MARGARETE
2003 2388 2048 2429 in
2073 2390 2194 2443 parte

250 2474 446 2518 orientali
469 2508 476 2516 .
502 2477 544 2516 et
570 2479 742 2530 pratum
771 2476 884 2530 quod
911 2477 1151 2531 appellatur
1181 2477 1449 2519 LYTELACRE
1480 2477 1525 2519 in
1546 2480 1666 2533 parte
1695 2477 1944 2520 occidentali
1968 2512 1976 2520 .
2000 2481 2043 2520 et
2063 2479 2196 2521 eciam

247 2569 420 2622 pratum
436 2565 686 2608 WILLELMI
708 2581 761 2621 ap
784 2566 813 2608 J
816 2581 997 2609 ERVARD
1018 2568 1064 2609 in
1085 2571 1205 2623 parte
1225 2568 1377 2611 boriali
1395 2602 1403 2611 .
1423 2571 1465 2610 et
1485 2571 1654 2624 pratum
1676 2568 1996 2611 PENTIRDAVID
2016 2569 2062 2611 in
2078 2572 2198 2625 parte

251 2656 426 2699 australi
456 2689 465 2699 .
496 2656 763 2698 Habendum
793 2660 836 2699 et
866 2660 1100 2700 tenendum
1129 2660 1340 2715 predictas
1371 2660 1559 2715 quinque
1589 2675 1705 2702 acras
1734 2660 1847 2716 prati
1877 2675 1972 2702 cum
2003 2660 2203 2703 omnibus

250 2748 337 2790 suis
367 2747 638 2802 pertinenciis
660 2748 859 2803 predictis
889 2750 1058 2791 domine
1080 2750 1371 2793 MARGARETE
1393 2754 1434 2793 et
1465 2751 1638 2793 domino
1659 2751 1689 2793 J
1691 2765 1871 2793 OHANNI
1892 2751 1981 2793 filio
2002 2751 2096 2808 ejus
2117 2785 2126 2794 .
2150 2767 2199 2794 ac

248 2837 476 2881 heredibus
497 2840 539 2880 et
560 2838 785 2894 assignatis
804 2839 937 2894 ipsius
956 2841 1118 2882 domini
1139 2841 1168 2883 J
1171 2855 1338 2883 OHANIS
1356 2876 1364 2883 .
1380 2841 1510 2883 libere
1530 2875 1538 2883 .
1557 2844 1600 2883 et
1620 2842 1761 2897 quiete
1782 2841 1835 2884 ab
1876 2842 1993 2884 omni
2023 2842 2207 2885 servicio.

250 2932 294 2971 et
324 2928 536 2970 demanda
567 2928 850 2984 qualicunque
879 2929 926 2971 in
956 2933 1209 2986 perpetuum
1239 2946 1315 2987 pro
1343 2931 1594 2987 supradictis
1624 2931 1760 2974 tribus
1790 2932 1895 2974 acris
1920 2935 1963 2974 et
1990 2932 2194 2976 dimidia.

249 3018 363 3074 prati
384 3033 481 3060 cum
502 3019 588 3060 suis
608 3019 880 3074 pertinenciis
901 3021 1058 3064 eisdem
1077 3056 1085 3064 .
1106 3056 1114 3064 .
1134 3022 1279 3065 abbati
1300 3025 1343 3065 et
1364 3023 1590 3065 conventui
1613 3057 1621 3065 .
1641 3025 1684 3065 et
1704 3024 1936 3065 eorundem
1957 3024 2212 3066 successori-›—
