2386 3645
1954 300 2062 341 1611

179 503 223 540 et
255 514 453 542 succursu
483 499 624 541 anime
653 501 795 541 nostre
825 501 868 540 et
897 499 1217 554 progenitorum
1248 504 1487 544 nostrorum
1516 517 1620 557 quos
1651 507 1794 546 sancta.
1822 504 2116 547 intercessione

184 604 260 631 sua
279 604 353 644 pre
373 589 467 631 aliis
485 589 636 631 mediis
656 603 752 631 cum
773 603 877 643 opus
906 588 1103 631 habuerit
1134 590 1362 632 certissime
1382 591 1436 634 ab
1466 593 1755 647 omnipotente
1784 594 1970 637 Domino
1991 596 2121 637 credi-

184 695 280 722 mus
317 681 535 736 impetrari
574 680 763 722 volentes
804 679 1051 721 abbathiam
1090 682 1142 722 de
1183 681 1384 724 MORGAN
1423 682 1469 724 in
1507 682 1812 727 SUTHWALLIA
1843 686 1889 726 in
1921 686 2123 728 honorem

184 771 318 826 ipsius
357 771 478 812 beate
511 771 670 812 MARIE
705 786 730 812 a
763 770 837 812 diu
871 769 1100 812 fundatam
1139 775 1181 813 et
1217 787 1361 814 omnes
1402 774 1680 828 possessiones
1715 775 1907 830 ejusdem
1946 776 2121 819 diversis

184 861 452 903 libertatibus
491 861 741 916 quietanciis
780 860 1124 903 immunitatibus
1159 868 1200 903 et
1238 862 1471 919 pIivilegiis
1499 863 1552 906 ab
1587 864 1759 907 incursu
1799 868 1840 907 et
1875 867 2121 921 gravamine

182 952 364 994 aliorum
386 952 657 994 dominorum
677 955 930 1007 magnatum
952 957 993 993 et
1015 967 1160 994 eorum
1182 968 1228 994 ac
1259 957 1499 996 nostrorum
1529 955 1820 997 ministrorum
1841 971 2120 1011 quorumcun-

185 1058 265 1098 que
288 1043 453 1099 protegi
475 1046 516 1084 et
538 1042 712 1084 defendi
733 1043 785 1084 de
807 1042 946 1098 gratia
966 1047 1110 1085 nostra
1131 1044 1300 1098 speciali
1321 1047 1364 1086 et
1395 1061 1447 1087 ex
1468 1061 1581 1088 mero
1602 1049 1722 1088 motu
1742 1049 1783 1088 61
1815 1050 1927 1089 certa
1948 1048 2125 1090 sciencia

183 1134 337 1176 nostris
368 1134 689 1176 concesserimus
719 1134 1067 1175 ratificaverimus
1097 1135 1469 1190 approbaverimus
1499 1140 1541 1178 et
1573 1138 1956 1180 confirmaverimus
1983 1138 2127 1182 abbati

184 1224 352 1267 abbatie
383 1225 569 1280 predicte
599 1233 641 1265 et
672 1224 863 1280 ejusdem
895 1224 976 1266 loci
1007 1227 1232 1267 conventui
1264 1230 1305 1268 et
1335 1228 1552 1269 monachis
1571 1228 1617 1269 in
1638 1229 1785 1270 eadem
1807 1229 2060 1285 degentibus
2080 1234 2123 1271 et

184 1315 278 1357 Deo
299 1314 578 1356 servientibus
599 1318 641 1356 et
662 1315 963 1357 suecessoribus
994 1317 1079 1357 suis
1099 1317 1411 1372 imperpetuum
1433 1319 1545 1372 quod
1575 1319 1656 1373 ipsi
1678 1319 1913 1361 dominium
1936 1323 1978 1361 et
1998 1325 2128 1362 terras

183 1420 280 1447 suas
300 1406 411 1446 inter
432 1420 562 1460 aquas
593 1406 645 1447 de
677 1405 929 1447 OGGEMORE
961 1413 1002 1447 61
1035 1407 1267 1449 GARREWE
1299 1407 1351 1450 ab
1383 1423 1430 1449 eo
1461 1409 1550 1450 loco
1582 1408 1655 1450 ubi
1687 1408 1920 1451 GARREWE
1950 1411 2062 1452 cadit
2082 1410 2126 1451 in

185 1496 438 1538 OGGEMORE
461 1511 594 1551 usque
615 1496 871 1538 ROTHENEY
891 1503 1100 1552 quantum
1120 1501 1233 1539 terra
1253 1513 1328 1540 sua
1349 1500 1475 1540 durat
1494 1499 1538 1540 in
1562 1498 1864 1541 SUTHWALLIA
1879 1500 2065 1542 habeant
2085 1504 2128 1543 et

184 1591 358 1629 teneant
387 1588 440 1629 de
470 1586 592 1629 nobis
619 1592 662 1629 et
692 1587 918 1630 heredibus
952 1589 1106 1630 nostris
1136 1589 1181 1629 in
1214 1595 1460 1644 perpetuam
1490 1590 1763 1632 elemosinam
1783 1591 2121 1646 imperpetuum.

185 1677 323 1721 Salvis
352 1678 452 1720 inde
482 1678 605 1720 nobis
637 1684 679 1720 et
711 1678 936 1721 heredibus
971 1680 1124 1721 nostris
1157 1680 1333 1735 antiqua
1366 1695 1508 1722 annua
1536 1681 1651 1722 feodi
1690 1682 1812 1722 firma
1843 1682 2126 1737 quadraginta

185 1770 414 1811 solidorum
448 1773 577 1824 prout
613 1773 738 1811 antea
770 1771 944 1812 reddere
981 1774 1287 1812 consueverunt
1319 1771 1474 1813 scilieet
1507 1772 1663 1826 viginti
1697 1772 1850 1813 solidos
1883 1773 1937 1813 ad
1969 1772 2126 1814 festum

186 1859 332 1901 Sancti
351 1859 611 1901 MICHAELIS
632 1864 674 1901 et
695 1860 851 1915 viginti
873 1861 1027 1902 solidos
1047 1862 1101 1902 ad
1133 1860 1311 1903 PASCHA
1333 1876 1408 1917 pro
1430 1862 1546 1903 omni
1567 1862 1740 1904 servicio
1761 1863 2063 1904 consuetudine
2083 1866 2127 1904 et

185 1951 406 1993 exaccione
436 1954 479 1993 et
509 1952 622 2006 quod
652 1951 781 1993 iidem
814 1951 942 1994 abbas
973 1956 1015 1993 et
1046 1967 1298 1993 successores
1327 1953 1392 1994 sui
1422 1953 1534 1994 inter
1564 1967 1694 2008 aquas
1715 1953 1923 2008 predictas
1944 1953 2126 1995 habeant

183 2042 343 2084 curiam
374 2057 493 2084 suam
525 2057 663 2084 coram
694 2043 931 2084 senescallis
961 2046 1003 2084 et
1034 2043 1200 2084 ballivis
1231 2043 1316 2085 suis
1345 2044 1460 2098 apud
1493 2044 1888 2085 EGLISKEYNWYRE
1918 2045 1970 2086 (16
1990 2044 2125 2086 tribus

184 2133 431 2188 septimanis
460 2133 506 2174 in
536 2137 622 2174 tres
653 2133 909 2188 septimanas
939 2135 1169 2175 tenendam
1200 2137 1241 2176 et
1278 2137 1530 2188 potestatem
1564 2134 1738 2176 tenendi
1770 2138 1812 2176 et
1847 2135 2124 2190 cognoscendi

186 2223 374 2278 quolibet
395 2238 507 2265 anno
537 2224 583 2265 in
614 2224 762 2265 eadem
792 2224 934 2266 omnia
964 2224 1120 2279 placita
1150 2229 1238 2265 tam
1268 2224 1505 2279 personalia
1535 2239 1664 2279 quam
1694 2225 1824 2266 realia
1854 2230 1895 2266 et
1926 2225 2060 2266 mixta
2080 2228 2123 2267 et

183 2314 332 2355 assisas
352 2319 440 2356 tam
461 2328 569 2356 nove
601 2315 818 2356 disseisine
849 2330 976 2370 quam
1007 2315 1154 2356 mortis
1184 2316 1455 2356 antecessoris
1485 2316 1537 2357 de
1567 2315 1900 2370 quibuscumque
1930 2316 2050 2356 terris
2080 2320 2122 2356 et

179 2405 434 2447 tenementis
453 2405 566 2447 inter
586 2420 716 2460 aquas
731 2406 941 2461 predictas
956 2412 997 2448 et
1011 2408 1064 2448 de
1079 2406 1410 2461 quibuscumque
1424 2405 1706 2448 contractibus
1722 2405 2122 2461 transgressionibus

183 2496 536 2538 convencionibus
565 2496 705 2538 titulis
736 2497 904 2538 clameis
933 2497 1058 2539 rebus
1089 2496 1251 2539 casibus
1281 2499 1324 2538 et
1356 2497 1577 2538 deme-ndis
1606 2497 1718 2538 inter
1747 2511 1877 2551 aquas
1915 2497 2122 2551 predictas

186 2587 531 2642 contingentibus
551 2587 676 2629 factis
689 2602 760 2629 seu
775 2588 1139 2642 qualitercumque
1153 2587 1466 2642 emergentibus
1480 2590 1521 2628 et
1537 2602 1586 2628 ea
1606 2602 1680 2641 per
1701 2588 1890 2641 querelas
1909 2587 1955 2628 in
1976 2588 2123 2628 eadem

181 2677 298 2719 curia
317 2678 518 2720 levandas
539 2680 581 2719 et
601 2678 685 2720 alia
706 2678 851 2720 debita
872 2679 1013 2720 media
1032 2678 1312 2733 prosequendi
1332 2693 1406 2733 per
1422 2678 1773 2719 summoniciones
1793 2678 2122 2720 attachiamenta

182 2768 464 2810 districtiones
493 2784 540 2810 ac
571 2769 788 2824 capciones
819 2784 1093 2824 personarum
1123 2784 1198 2824 pro
1230 2784 1376 2810 earum
1406 2769 1703 2810 insufficientia
1723 2773 1766 2810 et
1786 2769 1889 2810 alios
1909 2782 2122 2823 processus

179 2858 394 2914 legitimos
433 2859 693 2901 terminandi
733 2875 780 2901 ac
819 2860 1035 2915 justiciam
1084 2862 1127 2901 et
1175 2859 1338 2915 judicia
1382 2860 1434 2901 de
1484 2859 1641 2901 eisdem
1694 2859 1888 2900 ultimate
1939 2858 2122 2900 faciendi

180 2949 386 2991 reddendi
420 2953 463 2991 et
488 2950 676 3005 plenarie
707 2950 945 3005 exequendi
972 2965 1135 2992 necnon
1163 2951 1414 3005 potestatem
1449 2952 1493 2991 et
1521 2949 1816 2991 auctoritatem
1851 2949 2051 2990 audiendi
2081 2953 2123 2990 et

181 3039 441 3081 terminandi
453 3040 500 3082 in
521 3041 670 3082 eadem
687 3041 802 3082 curia
818 3055 959 3082 coram
975 3041 1132 3082 eisdem
1153 3041 1388 3083 senescallis
1408 3043 1450 3082 et
1471 3039 1638 3102 ballivis
1658 3039 1801 3081 omnia
1821 3043 1863 3081 et
1883 3039 2125 3081 omnimoda
