2386 3645
1910 303 2018 344 1225

134 499 403 543 DESPENSER
436 532 444 541 .
485 498 704 541 JOHANNE
738 499 778 541 16
811 498 1016 542 Noanms
1053 534 1062 542 .
1095 499 1296 543 Mnnsso
1327 501 1368 544 le
1400 501 1515 545 SooR
1552 537 1561 545 .
1594 504 1762 547 'raom
1797 507 1850 548 de
1880 507 2031 551 BARRI
2064 543 2075 552 .

133 589 322 633 Tuoms
342 604 396 645 ap
416 589 489 631 ΑΛ
497 603 582 631 non
607 623 615 632 .
638 588 664 631 J
670 603 857 631 OHANNE
879 588 1034 631 LOVEL
1055 594 1097 632 et
1117 591 1264 633 multis
1284 592 1389 634 aliis.
1451 593 1534 636 Per
1553 594 1694 649 ipsum
1714 596 1946 639 dominum.

192 679 285 723 The
311 680 397 722 seal
424 679 460 722 is
485 679 580 722 lost.
641 679 687 721 It
711 694 843 722 seems
870 682 914 722 to
941 680 1049 722 have
1070 680 1177 723 been
1199 682 1353 724 affixed.
1372 682 1432 738 by
1452 687 1536 726 two
1556 684 1719 740 plaited
1740 685 1822 727 silk
1843 688 1973 740 cordS‚
1995 703 2075 731 one

131 771 268 823 black,
289 770 363 812 the
384 770 507 812 other
528 785 670 826 green.

188 860 483 903 Endorsed-—‘
499 860 643 917 Hugo·
656 860 893 916 Lespenser
912 876 1025 904 anno
1046 861 1168 904 Edw.
1193 877 1262 905 111.
1286 863 1384 906 xn.'
1444 865 1621 907 Α160-6
1636 865 1680 908 A
1700 867 2010 911 conffirmacion
2032 869 2077 911 of

123 953 285 1008 dyuers
305 955 510 1008 grauntes
530 953 617 994 and
639 952 952 995 conffirmacion
974 987 982 995 .
1007 968 1120 996 anno
1142 953 1265 997 Edw.
1290 956 1315 996 3
1339 989 1347 997 .
1372 956 1456 998 32!
1521 955 1652 1013 [Vide
1672 959 1742 999 sub
1766 959 1909 1013 1358]

188 1042 245 1085 In
266 1057 292 1084 a
311 1042 420 1085 later
440 1042 616 1084 hand——

189 1136 200 1156 ⁶
218 1132 387 1176 Gilbert
415 1134 468 1175 de
497 1132 618 1176 Clere
638 1133 750 1176 inter
770 1133 855 1176 alia
875 1135 1066 1177 concedit
1085 1138 1222 1178 totam
1242 1151 1405 1179 moram
1425 1138 1477 1179 de
1498 1137 1810 1181 Havodhaloek
1839 1139 1950 1182 inter
1970 1140 2075 1182 duas

127 1239 259 1280 aquas
288 1222 453 1279 Kenfig
482 1227 525 1266 et
555 1223 761 1279 Baythan
791 1228 832 1266 et
864 1225 1088 1280 quinquies
1118 1226 1275 1282 viginti
1306 1230 1349 1270 et
1379 1228 1523 1270 decem
1553 1232 1714 1285 septem
1745 1244 1860 1272 aeras
1888 1233 1998 1272 terre
2028 1230 2073 1272 in

130 1314 342 1357 dominico
363 1329 506 1357 mense
527 1314 669 1357 meo.'l

920 1390 969 1427 (1)
1013 1390 1109 1420 Error
1124 1392 1174 1420 for
1190 1391 1298 1422 ‘mee'

192 1444 239 1474 To
253 1445 309 1474 the
324 1445 426 1475 above
442 1445 576 1475 Chal-ter
597 1445 654 1474 has
671 1446 750 1475 been
766 1445 921 1475 attached
935 1449 970 1476 at
992 1455 1079 1476 some
1101 1447 1299 1484 subsequent
1314 1448 1422 1485 period
1438 1458 1456 1477 a
1471 1448 1697 1478 confirmation
1719 1449 1762 1487 by
1778 1449 1926 1486 Edward,
1941 1449 2024 1478 Lord
2039 1449 2070 1479 16

142 1501 332 1539 Despenser,
347 1501 444 1530 dated
461 1502 545 1531 1358.

933 1907 1272 1952 DOOOOLXX.

126 2016 522 2059 INSPEXIMUS
573 2015 660 2059 BY
709 2015 903 2059 HUGH
952 2016 1034 2059 LE
1086 2016 1452 2059 DESPENSER
1503 2016 1580 2059 OF
1631 2016 1674 2058 A
1724 2016 1939 2059 GRANT
1990 2017 2078 2060 BY

276 2106 571 2150 WILLIAM
612 2106 698 2149 LA
748 2106 975 2158 ZOUOH,
1025 2106 1159 2149 AND
1213 2106 1546 2149 ALIANORA
1601 2106 1708 2149 HIS
1761 2106 1946 2160 WIFE,
2000 2107 2080 2150 OF

276 2198 454 2241 LAND
495 2198 619 2241 FOR
658 2198 703 2240 A
744 2197 1198 2249 OOURTHOUSE,
1231 2197 1303 2240 IN
1336 2197 1467 2240 THE
1504 2197 1674 2240 HIGH
1715 2197 1964 2250 STREET,
2002 2198 2078 2240 ΤΟ

278 2288 408 2331 THE
450 2288 808 2332 BURGESSES
850 2289 928 2330 OF
970 2288 1259 2331 OARDIFF.

803 2395 1028 2452 [CARDIFF
1060 2395 1414 2452 CORPORATION]

1280 2488 1332 2528 14
1351 2486 1449 2528 Oc'r.
1519 2486 1567 2527 12
1590 2486 1716 2527 Enw.
1742 2486 1831 2528 III.
1897 2488 2018 2528 1338.

189 2594 335 2638 Sciant
355 2597 570 2650 presentes
591 2597 633 2636 et
653 2593 791 2636 futuri
813 2595 927 2649 quod
947 2609 1023 2636 nos
1045 2593 1185 2636 Hnoo
1207 2595 1245 2636 16
1262 2594 1531 2636 DESPENSER
1552 2593 1665 2636 filius
1697 2597 1738 2636 et
1766 2594 1886 2636 heres
1915 2594 2078 2636 domini

130 2685 344 2728 HuGo-ms
364 2686 405 2728 le
430 2685 699 2728 DESPENSER
729 2688 772 2727 et
801 2685 1045 2727 ALIANORE
1076 2685 1278 2727 consortis
1309 2700 1381 2726 sue
1412 2684 1610 2726 dominus
1642 2683 2001 2726 GLAMORGANCIE
2035 2687 2078 2726 et

136 2775 387 2818 MORGANN’
421 2776 683 2832 inspeximus
715 2779 875 2818 cartam
907 2775 1080 2818 celebris
1112 2775 1310 2818 memorie
1343 2775 1506 2817 domini
1527 2774 1775 2818 WILLELMI
1797 2776 1838 2817 la
1870 2775 2078 2818 ZOUSCHE

132 2871 174 2910 et
194 2868 439 2909 ALIANORE
461 2867 664 2910 consortis
684 2882 757 2909 sue
776 2867 924 2909 matris
945 2871 1086 2909 nostre
1106 2867 1152 2908 in
1173 2867 1249 2909 hec
1271 2865 1399 2909 verba
1417 2881 1485 2907 3-

190 2957 335 3001 Sciant
371 2961 585 3012 presentes
634 2962 676 3001 et
725 2958 863 2999 futuri
913 2959 1027 3014 quod
1075 2973 1152 2999 nos
1202 2957 1485 3000 WILLELMUS
1534 2958 1576 2999 la
1625 2957 1829 2999 ZOUSCHE
1881 2958 2076 2999 (lominus

129 3049 490 3092 GLAMORGANCOE
503 3051 546 3091 et
572 3048 822 3091 MORGANN'
855 3054 896 3091 ct
925 3048 1169 3091 ALIANORA
1200 3063 1366 3091 consors
1402 3051 1545 3090 nostra
1578 3048 1771 3090 dedimus
1801 3049 2078 3090 concessimus

333 3189 404 3223 71)
