2386 3645
330 280 441 321 1290

1166 483 1305 526 MXI.

271 602 550 646 LETTERS
582 600 834 644 PATENT
864 600 942 643 OF
973 599 1255 644 EDWARD
1287 598 1377 641 ΠΙ.
1421 597 1798 641 PARDONING
1837 597 1968 640 THE
2009 596 2219 640 ABBOT

414 692 549 736 AND
601 691 895 735 OONVENT
947 690 1025 734 OF
1075 689 1354 733 MARGAM
1414 689 1537 732 FOR
1596 687 2059 732 UNLAWFULLY
2116 687 2216 731 AG-

418 782 697 831 QUIRING
741 782 874 825 THE
926 780 1281 826 ADVOWSON
1330 781 1409 824 OF
1459 780 1882 823 LLANGENITH
1936 779 2216 822 OHUROH.

616 889 746 947 [Rom
780 889 886 955 PA‘r.
921 889 978 931 27
1009 889 1136 930 Enw.
1170 888 1279 941 HL,
1311 888 1437 930 PART
1467 887 1521 939 I„
1553 887 1742 930 MEMBR.
1779 888 1865 941 12]

1313 996 1368 1037 20
1399 994 1563 1037 APRIL.
1625 995 1681 1036 27
1712 994 1840 1036 Enw.
1873 994 1966 1036 ΙΙΙ.
2031 995 2158 1038 1353.

763 1096 847 1139 Pro
869 1096 1022 1139 abbate
1039 1099 1082 1138 et
1102 1098 1315 1137 conventu
1335 1096 1388 1137 de
1408 1094 1711 1137 LANGENETH.

330 1189 426 1232 Rex
448 1189 644 1232 omnibus
665 1190 719 1230 ad
741 1203 858 1244 quos,
881 1190 973 1239 etc„
996 1187 1189 1229 salutem.

328 1296 480 1340 Sciatis
501 1296 615 1352 quod
635 1310 732 1338 cum
751 1309 889 1350 nuper
908 1294 955 1336 in
976 1294 1092 1335 curia
1112 1295 1256 1335 nostra
1278 1307 1417 1335 coram
1437 1292 1684 1348 justiciariis
1703 1292 1859 1335 nostris
1887 1293 1940 1335 de
1970 1292 2117 1335 Banco
2146 1308 2224 1349 per

270 1387 652 1432 consideracionem
666 1387 705 1443 ej
710 1387 859 1428 usdem
874 1385 986 1428 curie
998 1384 1339 1441 recuperavimus
1351 1384 1713 1440 presentacionem
1729 1386 1919 1426 nostram
1935 1385 1989 1425 ad
2006 1384 2225 1427 ecclesiam

270 1482 323 1524 de
344 1480 637 1523 LANGENETH
657 1479 704 1520 in
725 1477 924 1521 WALLIA
943 1492 1088 1519 versus
1121 1475 1319 1518 abbatem
1354 1476 1406 1518 de
1439 1475 1641 1518 MORGAN
1678 1475 1843 1518 ratione
1877 1475 2223 1530 transgressionis

269 1588 398 1629 quam
419 1572 533 1613 idem
554 1569 683 1612 abbas
705 1571 747 1612 et
767 1570 1000 1611 conventus
1021 1567 1216 1623 ejusdem
1235 1567 1318 1609 loci
1349 1568 1541 1609 fecerunt
1564 1567 1828 1622 adquirendo
1855 1567 1902 1608 in
1937 1566 2062 1609 feodo
2095 1568 2224 1610 advo-

267 1664 481 1708 cacionem
502 1661 671 1704 ecclesie
691 1660 880 1717 predicte
902 1675 983 1715 que
1005 1660 1057 1701 de
1088 1659 1211 1701 nobis
1244 1661 1415 1701 tenetur
1446 1658 1493 1700 in
1529 1658 1667 1714 capite
1703 1661 1753 1700 ut
1788 1658 1945 1700 dicitur
1971 1660 2014 1700 et
2045 1659 2225 1701 eandem

268 1754 486 1797 ecclesiam
535 1751 849 1808 appropriando
899 1750 1072 1792 licentia
1113 1752 1256 1792 nostra
1297 1764 1422 1805 super
1461 1749 1540 1792 hoc
1587 1764 1674 1791 non
1719 1751 1895 1805 optenta
1937 1752 1980 1792 et
2021 1749 2226 1792 dilectum

269 1846 468 1889 clericum
488 1848 681 1887 nostrum
702 1842 1004 1886 WILLELMUM
1026 1841 1235 1885 SAMPSON
1257 1842 1312 1883 ad
1342 1841 1559 1883 ecclesiam
1588 1841 1710 1882 illam
1742 1840 1800 1883 sic
1835 1845 2058 1891 vacantem
2092 1844 2135 1883 et
2170 1842 2226 1884 ad

271 1940 461 1980 nostram
508 1935 786 1978 donacionem
822 1936 1084 1990 spectantem
1123 1932 1505 1988 presentaverimus
1538 1966 1546 1975 .
1579 1932 1673 1974 Nos
1711 1931 1811 1974 licet
1851 1932 1966 1974 dicta
2005 1932 2230 1975 advocacie

271 2029 394 2072 nobis
415 2029 581 2070 dicatur
600 2026 820 2069 forisfacta
843 2060 852 2068 .
875 2026 1066 2067 volentes
1095 2027 1240 2072 tamen
1269 2024 1457 2066 caritatis
1488 2024 1652 2066 intuitu
1683 2039 1780 2066 cum
1807 2023 1967 2066 eisdem
1998 2023 2152 2066 abbate
2184 2026 2228 2066 et

279 2122 493 2162 conventu
523 2133 649 2173 agere
681 2117 865 2173 gratiose
895 2117 942 2158 in
971 2115 1051 2158 hac
1082 2118 1202 2171 parte
1231 2114 1563 2171 perdonavimus
1593 2114 1653 2156 eis
1682 2114 1999 2156 forisfacturam
2020 2117 2064 2157 et
2092 2117 2230 2157 trans-

277 2210 538 2268 gressionem
558 2209 693 2250 factas
723 2208 769 2249 in
794 2207 874 2250 hac
894 2210 1026 2263 parte.
1088 2206 1150 2249 Et
1179 2206 1458 2249 concessimus
1487 2220 1565 2262 pro
1596 2205 1719 2248 nobis
1749 2208 1791 2248 et
1820 2205 2048 2248 heredibus
2077 2206 2233 2249 nostris

278 2307 490 2361 quantum
510 2303 557 2345 in
578 2302 700 2345 nobis
717 2305 779 2345 est
801 2303 960 2344 eisdem
981 2301 1126 2344 abbati
1147 2304 1190 2343 et
1211 2301 1439 2343 conventui
1460 2302 1574 2356 quod
1589 2301 1672 2355 ipsi
1688 2301 1846 2342 dictam
1867 2301 2084 2343 ecclesiam
2103 2303 2231 2357 prout

279 2395 398 2452 prius
419 2394 693 2451 appropriata
720 2393 851 2436 fuerit
872 2394 919 2435 in
939 2393 1131 2450 proprios
1152 2408 1253 2435 usus
1273 2392 1459 2435 habeant
1484 2395 1527 2435 et
1546 2394 1722 2434 teneant
1752 2391 1832 2434 sibi
1857 2395 1900 2434 et
1929 2391 2233 2435 successoribus

281 2487 366 2529 suis
387 2487 439 2528 de
455 2485 577 2528 nobis
598 2488 640 2527 et
660 2484 887 2527 heredibus
902 2485 1057 2527 nostris
1069 2500 1152 2540 vper
1173 2484 1347 2527 servicia
1367 2484 1468 2526 inde
1485 2483 1628 2526 debita
1641 2486 1684 2526 et
1704 2488 1904 2526 consueta
1918 2484 2234 2540 imperpetuum

282 2577 372 2620 sine
413 2576 628 2619 occasione
668 2576 737 2618 vel
775 2575 1084 2631 impedimento
1124 2576 1258 2618 nostri
1288 2576 1357 2617 vel
1396 2575 1602 2617 heredum
1631 2577 1872 2616 nostrorum
1901 2574 2234 2630 justiciariorum

283 2670 543 2711 escaetorum
583 2667 880 2708 vicecomitum
920 2670 996 2709 aut
1036 2667 1218 2709 aliorum
1258 2666 1512 2709 ballivorum
1554 2681 1626 2708 seu
1666 2665 1959 2708 ministrorum
1994 2668 2236 2708 nostrorum

282 2773 631 2815 quorumcunque
660 2758 994 2814 transgressione
1017 2761 1060 2800 et
1090 2758 1363 2800 forisfactura
1393 2757 1593 2813 predictis
1624 2760 1700 2799 aut
1738 2772 1752 2813 J
1760 2757 1901 2799 udicio
1930 2772 2007 2812 pro
2037 2756 2160 2799 nobis
2188 2756 2235 2799 in

282 2848 361 2891 hac
391 2851 512 2904 parte
540 2848 707 2890 reddito
739 2864 812 2890 seu
842 2851 1002 2891 statuto
1034 2850 1086 2891 de
1107 2850 1231 2891 terris
1261 2852 1304 2891 et
1333 2848 1589 2891 tenementis
1610 2849 1665 2890 ad
1693 2863 1870 2890 manum
1901 2850 2113 2891 mortuam
2148 2863 2235 2891 non

284 2939 493 2996 ponendis
513 2939 629 2981 edito
645 2954 732 2982 non
753 2939 1032 2983 obstantibus.
1095 2940 1152 2983 In
1173 2941 1309 2997 cujus,
1332 2943 1409 2983 etc.
1472 2939 1598 2982 Teste
1630 2939 1751 2995 Rege
1783 2940 1899 2994 apud
1928 2938 2237 2982 WESTMONAS-

284 3044 458 3073 TERIUM
482 3064 490 3072 .
514 3045 586 3072 xx.
611 3030 679 3071 die
700 3029 866 3085 Aprilis
885 3046 961 3086 per
981 3031 1122 3087 ipsum
1144 3031 1311 3088 Regem
1331 3031 1563 3074 nunciante
1586 3030 1797 3073 GnmoNE
1819 3031 1872 3072 de
1893 3029 2071 3072 BRYAN.
