2386 3645
1893 300 2000 341 1251

110 500 456 543 ⁴confirmationes
495 502 805 542 antecessorum
844 502 1085 542 nostrorum
1125 501 1177 543 ob
1219 501 1486 544 affectionem
1533 503 1736 545 sinceram
1785 520 1912 559 quam
1958 520 2060 561 erga

119 592 280 634 dictum
300 591 474 632 fiatrem
494 589 524 632 J
526 604 751 631 OHANNEM
772 590 1014 645 episcopum
1036 591 1222 647 gerimus
1243 595 1285 634 et
1314 592 1531 644 habemus
1565 608 1612 636 ac
1644 610 1719 649 pro
1752 596 1886 637 salute
1919 597 2059 637 anime

117 684 258 725 nostre
280 685 322 724 et
342 682 583 723 animarum
603 684 912 723 antecessorum
933 685 974 723 et
997 697 1278 724 successorum
1298 686 1539 725 nostrorum
1559 685 1815 727 ratificamus
1845 690 1886 727 et
1916 690 2059 728 tenore

118 773 378 829 presentium
400 773 709 814 confirmamus.
770 771 827 813 In
848 772 971 827 cujus
991 773 1052 814 rei
1073 774 1364 815 testimonium
1383 774 1482 816 huic
1502 776 1686 829 presenti
1703 776 1854 831 scripto
1871 777 2060 832 sigillum

115 866 310 906 nostrum
329 863 613 918 apposuimus.
675 862 778 904 Hiis
808 862 987 904 testibus
1010 897 1017 904 .
1042 863 1214 906 domino
1244 864 1274 906 J
1277 878 1464 906 OHANNE
1497 866 1548 906 de
1581 865 1834 908 LAYBURNE
1858 900 1865 908 .
1890 867 2060 909 domino

118 954 323 996 Rmumo
365 954 417 995 de
457 952 670 994 PESHALE
706 986 714 995 .
749 953 921 995 domino
963 952 1151 995 ROGERO
1183 955 1236 996 de
1270 954 1468 997 WESTON
1507 989 1515 996 .
1553 957 1725 998 domino
1759 956 1969 998 ROBERTO
2009 959 2061 999 de

118 1044 301 1087 PENRES
333 1078 341 1086 .
376 1044 548 1085 domino
579 1043 799 1086 JoHANNE
831 1045 883 1085 de
913 1043 1179 1096 LANGETON‚
1211 1045 1420 1087 militibus
1452 1080 1460 1088 .
1493 1046 1523 1088 J
1526 1061 1713 1088 OHANNE
1744 1048 1796 1088 de
1827 1047 1868 1088 la
1898 1047 2027 1089 BERE
2051 1081 2060 1089 .

119 1136 324 1178 RmARno
345 1135 610 1187 SKURLAKE‚
633 1138 676 1176 et
697 1135 803 1176 aliis.

177 1226 342 1269 Datum
364 1226 479 1281 apud
499 1224 778 1267 LONDONIAM
801 1259 809 1266 .
834 1225 903 1266 die
924 1225 1100 1268 sabbati
1120 1228 1313 1282 proximo
1345 1231 1440 1283 post
1466 1228 1624 1270 festum
1661 1228 1805 1270 Sancti
1837 1229 2064 1271 AMBROSH

112 1332 231 1360 anno
251 1316 375 1372 regni
396 1316 530 1372 Regis
550 1315 778 1357 EDWARDI
799 1316 916 1358 tertii
937 1320 1031 1372 post
1052 1322 1328 1372 conquestum
1349 1321 1499 1374 quarto
1517 1319 1690 1361 decimo.

183 1407 318 1465 [Here
339 1422 459 1449 seems
483 1412 520 1448 to
544 1409 585 1448 be
606 1423 709 1449 some
731 1406 952 1463 omission]

181 1500 219 1541 1.
281 1499 374 1541 Nos
395 1502 538 1540 autem
560 1499 824 1550 donationes,
847 1499 1144 1552 concessiones,
1167 1501 1517 1552 confirmationes,
1539 1502 1802 1543 remissiones
1829 1506 1871 1543 et
1901 1502 2064 1557 quietas

118 1590 391 1632 clamationes
412 1589 620 1645 predictas
640 1594 754 1631 ratas
778 1590 979 1632 habentes
1000 1595 1042 1633 et
1063 1595 1217 1647 gratas,
1241 1607 1310 1634 eas
1331 1608 1406 1647 pro
1437 1592 1558 1634 nobis
1590 1596 1632 1635 et
1661 1593 1885 1635 heredibus
1913 1594 2066 1635 nostris

116 1681 394 1736 quantumin
416 1680 538 1722 nobis
569 1683 644 1732 est,
677 1681 910 1722 venerabili
943 1682 1053 1737 patri
1085 1682 1295 1724 JOHANNI
1329 1698 1442 1724 nunc
1475 1684 1666 1739 episcopo
1700 1684 1779 1725 ioci
1813 1684 1990 1738 predicti
2023 1686 2066 1725 et

114 1771 420 1814 successoribus
461 1771 546 1813 suis
577 1772 845 1813 concedimus
876 1776 917 1814 et
949 1772 1245 1815 confirmamus
1276 1773 1384 1815 sicut
1419 1774 1620 1829 scriptum
1655 1774 1906 1829 praedictum
1938 1775 2065 1816 ratio-

116 1862 317 1905 nabiliter
335 1865 529 1914 testatur,
553 1862 666 1904 salvo
695 1862 741 1904 in
772 1863 968 1904 omnibus
997 1863 1093 1918 jure
1124 1867 1277 1905 nostro.
1341 1863 1396 1906 In
1428 1864 1495 1920 cuj
1504 1880 1562 1916 us,
1585 1869 1660 1907 etc.
1724 1864 1847 1906 Teste
1880 1865 2064 1906 Custode

115 1954 320 2009 praedicto
344 1954 458 2008 apud
479 1953 752 2005 ANDEVERE,
775 1970 815 1995 x.
840 1955 908 1996 die
932 1954 1138 1997 Octobris.

866 2204 1325 2248 DCCOCLXXXVI.

117 2312 513 2356 AGREEMENT
556 2312 871 2354 BETWEEN
911 2312 1093 2355 DAME
1143 2313 1508 2366 MARGARET‚
1545 2313 1721 2356 LADY
1757 2314 1834 2356 OF
1869 2315 2061 2367 AVAN,

260 2404 395 2446 AND
448 2403 727 2446 MARGAM
777 2403 1007 2455 ABBEY,
1065 2403 1474 2447 GONOERNING
1524 2404 1700 2447 LAND
1753 2404 1825 2447 IN
1880 2404 2060 2448 AVAN

263 2494 499 2537 MARSH.

830 2551 1061 2608 [MARGAM
1103 2552 1359 2609 CHARTER]

541 2659 742 2701 Momm(
771 2674 918 2702 AFTER
947 2659 1139 2702 INVENT.
1173 2674 1226 2702 OF
1257 2660 1393 2702 Hom
1423 2661 1569 2702 Ososs.
1632 2661 1657 2701 3
1689 2660 1810 2703 MAY.
1875 2662 1997 2703 1341.

171 2767 303 2809 Anno
328 2767 491 2809 domini
516 2767 812 2810 trecentecimo
837 2768 1160 2823 quadragesimo
1191 2768 1328 2823 primo
1350 2768 1418 2810 die
1438 2768 1539 2810 lune
1567 2768 1759 2823 proxima
1779 2771 1872 2823 post
1897 2768 2055 2810 festum

110 2857 375 2900 invencionis
416 2858 570 2900 Sancte
608 2858 740 2900 crucis
775 2892 783 2900 .
824 2857 1034 2900 Convenit
1065 2859 1178 2901 inter
1213 2859 1430 2901 dominam
1469 2858 1796 2901 MARGARETAM
1837 2859 2052 2900 dominam

109 2948 311 2991 DAVENE
340 2963 392 2990 ex
413 2950 533 3003 parte
553 2963 640 2989 una
663 2982 671 2990 .
695 2952 737 2989 et
763 2948 982 3003 religiosos
1003 2949 1114 2990 viros
1136 2981 1145 2990 .
1170 2981 1179 2990 .
1203 2948 1399 2991 abbatem
1424 2952 1466 2991 et
1490 2951 1745 2991 conventum
1772 2949 1823 2990 de
1849 2948 2054 2991 MARGAN

105 3053 165 3080 ‘ex
196 3040 316 3094 parte
353 3038 487 3080 altera
533 3070 541 3079 .
588 3038 660 3079 Ita
691 3038 886 3080 videlicet
917 3039 1030 3093 quod
1059 3039 1248 3094 predicta
1278 3039 1450 3081 domina
1480 3039 1772 3081 MARGARETA
1802 3040 1846 3080 in
1877 3054 1984 3094 pura
2014 3042 2057 3082 et
