2386 3645
355 277 464 317 1250

289 483 570 538 appellentur,
581 497 662 538 que
674 486 953 524 antecessores
964 482 1048 524 mei
1062 482 1126 524 vel
1138 497 1283 524 eorum
1295 482 1441 524 ballivi
1455 482 1542 524 sive
1555 482 1728 524 FRANCI
1745 481 1830 523 sive
1839 480 2120 524 WA1.LENSES
2135 496 2233 523 con-

289 575 512 615 sueverant
527 573 695 628 exigere
711 573 779 614 vel
795 575 1043 627 extorquere
1064 573 1116 614 de
1136 572 1379 614 hominibus
1399 571 1600 627 Episcopi
1619 572 1665 613 in
1682 572 1783 613 villa
1800 572 1851 613 de
1867 571 2232 613 BszHUPPESToN

289 662 336 704 in
354 661 537 705 Gowm.
586 661 646 704 Et
667 665 701 704 si
722 677 801 718 ego
817 662 884 704 vel
900 666 1177 704 antecessores
1193 662 1277 704 mei
1292 662 1466 717 aliquod
1481 662 1552 718 jus
1567 662 1749 717 alicujus
1765 661 1925 703 servitii
1943 661 2173 702 exactionis
2189 663 2232 703 et

290 753 499 795 demande
519 753 565 794 in
587 752 700 794 dicta
720 753 822 794 villa
841 752 1080 803 habuimus,
1102 767 1177 808 pro
1198 752 1341 793 anima
1360 767 1455 793 mea
1475 755 1517 793 et
1538 755 1847 793 antecessorum
1879 754 1921 793 et
1949 765 2231 793 successorum

287 858 479 885 meorum
499 842 681 885 liberum
701 846 742 884 et
763 842 954 897 quietum
976 842 1028 884 ab
1050 843 1165 885 omni
1186 842 1362 885 seculari
1383 843 1552 885 servitio
1574 845 1616 884 et
1636 842 1854 884 exactione
1873 842 1967 884 Deo
1989 846 2030 883 et
2062 842 2231 884 ecclesie

286 932 401 976 beati
439 933 658 975 THEL1A11
680 934 732 975 de
752 932 972 975 LLANDAF
994 934 1048 975 do
1070 936 1112 974 et
1132 934 1311 974 concedo
1336 933 1382 974 in
1410 948 1561 989 puram
1592 935 1635 974 et
1663 936 1912 988 perpetuam
1941 932 2227 974 elemosinam.

284 1023 346 1066 Et
378 1027 428 1066 ut
458 1024 535 1065 hec
555 1039 649 1065 mea
670 1023 843 1066 donatio
865 1027 906 1065 et
928 1023 1133 1065 concessio
1154 1025 1246 1064 rata
1274 1026 1315 1064 et
1347 1022 1509 1064 stabilis
1543 1026 1788 1078 permaneat
1820 1037 1990 1077 presens
2022 1022 2227 1077 scriptum

284 1115 417 1171 sigilli
436 1115 521 1156 mei
542 1114 803 1170 appositione
824 1113 1028 1156 roboravi.
1091 1113 1193 1155 Hiis
1213 1113 1392 1155 testibus
1407 1147 1415 1155 .
1432 1113 1602 1154 domino
1624 1112 1651 1154 J
1656 1126 1842 1154 OHANNE
1864 1115 1966 1154 tunc
1986 1112 2156 1154 Abbate
2177 1113 2230 1154 de

286 1205 489 1248 Momm
509 1240 516 1247 .
535 1205 770 1247 MAURImo
788 1204 1080 1247 archidiacono
1101 1203 1414 1245 LANDAVENSI.
1462 1203 1596 1259 [Here
1616 1218 1735 1244 seems
1758 1207 1794 1243 to
1818 1204 1859 1243 be
1880 1218 1983 1244 some
2007 1202 2226 1259 omission]

339 1298 378 1338 2.
443 1296 635 1351 Cumque
648 1295 900 1337 venerabilis
916 1295 960 1336 in
979 1294 1174 1337 CHRISTO
1189 1297 1308 1350 pater
1324 1294 1457 1336 frater
1473 1294 1502 1336 J
1505 1308 1714 1335 onANNEs
1733 1327 1740 1335 .
1759 1293 1844 1336 Dei
1861 1294 1999 1349 gratia
2015 1294 2230 1349 episcopus

279 1387 449 1429 ecclesie
471 1386 788 1428 LANDAVENSIS
809 1386 994 1441 predicte
1016 1385 1136 1427 nobis
1156 1385 1326 1440 querela
1347 1400 1423 1426 sua
1443 1387 1718 1426 monstrasset
1739 1385 1851 1439 quod
1882 1384 2066 1426 ministri
2090 1385 2224 1426 nostri

277 1478 324 1520 in
359 1478 531 1520 domino
563 1482 705 1519 nostro
741 1478 792 1518 de
835 1475 1005 1518 Gowmz
1043 1475 1245 1531 predicta,
1287 1491 1373 1517 non
1415 1475 1681 1517 obstantibus
1715 1475 1837 1516 dictis
1874 1475 2222 1526 concessionibus,

277 1570 418 1625 ipsum
445 1572 486 1610 et
512 1584 606 1611 suos
633 1568 848 1610 ministros
876 1567 1102 1622 quominus
1122 1567 1203 1622 ipsi
1223 1567 1270 1608 in
1291 1567 1394 1608 villa
1430 1567 1481 1608 de
1520 1566 1863 1608 BisHUPPEs'rON
1897 1566 1942 1607 in
1981 1565 2151 1608 Gowmz
2184 1569 2227 1608 et

279 1660 466 1703 dominio
488 1675 562 1702 suo
583 1659 741 1701 ibidem
762 1659 919 1714 placita
951 1661 1039 1700 tam
1062 1658 1298 1713 personalia
1319 1673 1448 1713 quam
1474 1658 1605 1699 realia
1636 1657 1766 1699 etiam
1797 1658 1851 1698 ad
1883 1672 2081 1699 coronam
2111 1672 2226 1712 spec-

277 1752 416 1793 tantia
436 1754 591 1802 tenere,
614 1753 657 1792 et
677 1749 925 1805 hujusmodi
941 1764 1161 1790 causarum
1179 1749 1465 1804 cognitionem
1481 1747 1635 1790 habere
1650 1750 1820 1803 possent
1836 1748 2163 1803 impediverunt,
2185 1752 2228 1790 et

276 1842 482 1897 impedire
498 1841 790 1896 multipliciter
805 1847 1133 1896 presumserunt,
1150 1855 1410 1895 quamquam
1425 1840 1733 1894 predecessores
1750 1839 1814 1880 sui
1831 1838 2033 1894 Episcopi
2054 1839 2227 1880 ecclesie

275 1932 597 1975 LANDAVENSIS
619 1932 800 1973 fuissent
820 1931 865 1972 in
886 1931 1144 1986 possessione
1165 1930 1337 1986 pacifica
1361 1930 1608 1985 hujusmodi
1641 1930 1894 1984 placitorum
1926 1936 2015 1971 tam
2045 1930 2225 1972 realium

276 2039 405 2079 quam
426 2022 711 2079 personalium
733 2022 862 2064 etiam
883 2023 938 2063 ad
959 2036 1155 2063 coronam
1177 2021 1527 2076 qualitercunque
1546 2020 1828 2075 spectantium
1850 2020 1964 2061 infra
1985 2020 2223 2062 dominium

279 2115 382 2156 dicti
417 2113 619 2169 Episcopi
648 2112 693 2154 in
725 2113 828 2154 villa
858 2113 911 2154 de
941 2112 1308 2153 BISSHUPPESTON
1340 2112 1529 2167 predicta
1560 2111 1870 2166 emergentium
1902 2113 1944 2152 et
1978 2110 2228 2165 hujusmodi

277 2206 434 2262 placita
472 2205 518 2246 in
559 2204 675 2246 curia
715 2219 791 2245 sua
837 2204 890 2245 de
937 2203 1276 2245 BISHOPPESTON
1324 2203 1513 2258 predicta
1553 2205 1817 2253 tractassent,
1861 2209 1903 2243 et
1943 2202 2231 2258 cognitionem

276 2298 465 2354 ipsorum
507 2311 531 2338 a
570 2298 759 2351 tempore
800 2294 922 2350 cujus
963 2294 1162 2336 contrarii
1202 2294 1406 2336 memoria
1445 2308 1534 2335 non
1575 2293 1775 2335 extiterat
1813 2292 2073 2335 habuissent.
2135 2293 2228 2335 Nos

277 2386 528 2444 hujusmodi
560 2386 843 2428 concessiones
877 2389 1188 2427 antecessorum
1227 2390 1468 2426 nostrorum
1509 2399 1556 2426 ac
1595 2383 1666 2440 jus
1702 2386 1744 2425 et
1783 2383 2084 2438 possessionem
2125 2383 2227 2426 dicti

279 2479 462 2535 episcopi
476 2479 758 2529 attendentes,
773 2480 822 2518 ut
837 2477 926 2532 ipse
940 2481 981 2518 et
998 2476 1063 2518 sui
1077 2475 1261 2517 ministri
1274 2476 1326 2517 de
1343 2475 1709 2517 BlssHUPPESTON
1726 2473 1914 2530 predicta
1929 2474 2084 2529 placita
2097 2474 2229 2516 etiam

278 2572 332 2613 ad
355 2585 563 2622 coronam,
585 2572 631 2610 ut
654 2569 879 2624 prefertur,
903 2568 1252 2623 qualitercunque
1283 2567 1516 2622 spectantia
1545 2581 1625 2621 que
1657 2565 1771 2607 infra
1800 2565 1962 2606 dictum
1989 2565 2228 2606 dominium

280 2677 404 2705 suum
435 2663 487 2703 de
518 2660 885 2702 BissriUPPESTON
921 2658 1182 2714 temporibus
1211 2658 1411 2713 predictis
1444 2659 1704 2699 emerserunt
1733 2672 1805 2698 seu
1833 2655 1977 2697 future
2010 2658 2229 2711 emergent

278 2755 458 2795 tractare
493 2754 533 2793 et
569 2750 724 2792 habere
758 2750 940 2801 valeant,
974 2764 1022 2791 ac
1057 2750 1205 2791 eadem
1236 2748 1366 2790 libere
1399 2748 1627 2790 terminare
1659 2762 1734 2802 pro
1770 2745 1891 2788 nobis
1926 2749 1967 2788 et
2003 2746 2228 2788 heredibus

277 2843 432 2886 nostris
453 2842 564 2884 dicto
586 2841 778 2896 episcopo
800 2843 843 2882 et
863 2840 1165 2883 successoribus
1186 2839 1271 2882 suis
1303 2839 1461 2894 absque
1482 2837 1724 2893 calumpnia
1750 2839 1893 2879 nostra
1926 2837 1993 2878 vel
2022 2836 2228 2878 heredum

276 2940 529 2983 nostrorum,
567 2947 640 2974 scu
673 2931 1004 2973 contradictione
1040 2944 1292 2985 quacunque
1325 2930 1577 2979 relaxamus,
1620 2931 1662 2970 et
1702 2927 2139 2983 quietumclamamus,
2180 2926 2226 2968 in

274 3038 427 3080 puram
447 3026 490 3064 et
510 3024 765 3078 perpetuum
795 3021 1067 3063 elemosinam
1098 3035 1172 3076 per
1202 3026 1428 3076 presentes.
1490 3019 1639 3062 Dictas
1670 3018 1843 3073 insuper
1873 3017 2156 3059 concessiones
2185 3019 2235 3059 et,
