2386 3645
305 275 416 316 1244

243 480 445 523 REMPNY
485 484 527 523 et
572 481 883 523 PULTHCANAN
934 479 1010 522 sub
1060 478 1330 520 forisfactura
1379 492 1523 519 earum
1563 475 1951 518 merchandisarum
1987 478 2030 517 et
2061 474 2195 530 gravi.

243 571 568 613 amerciamento
619 574 662 613 et
702 571 782 612 alie
822 570 1013 612 nundine
1046 573 1146 611 sunt
1182 570 1236 610 ad
1275 568 1434 610 festum
1473 567 1709 609 nativitatis
1748 566 1870 608 beate
1906 565 2066 608 Minui:
2101 580 2184 621 que

243 662 436 704 nundine
458 662 599 717 quiete
621 665 720 704 sunt
741 662 793 703 de
814 662 975 703 tolneto
997 663 1167 702 tantum
1187 659 1232 700 in
1254 659 1403 715 vigilia
1424 661 1466 700 et
1485 658 1530 699 in
1552 657 1620 699 die
1642 657 1846 712 sequenti.

298 752 587 795 Concessimus
607 752 780 807 insuper
799 751 975 807 prefatis
995 749 1276 805 burgensibus
1301 749 1454 790 nostris
1474 749 1588 803 quod
1610 747 1752 790 omnia
1772 747 1929 802 placita
1949 750 1992 788 et
2013 746 2192 801 querele*

240 845 331 885 tam
358 844 410 885 de
440 843 606 885 hutesio
627 844 806 885 clamore
828 842 1034 897 sanguine
1056 841 1149 882 fuso
1180 854 1308 894 quam
1330 840 1382 881 de
1402 837 1806 894 transgressionibus
1827 837 1981 879 debitis
2002 851 2193 879 conven·
2253 866 2270 892 χ

242 934 433 976 cionibus
483 937 526 976 et
571 934 664 975 aliis
720 932 895 974 diversis
944 931 1168 973 contractis
1212 932 1402 972 decetero
1442 930 1699 984 placitentur
1740 932 1783 970 et
1821 929 2104 970 terminentur
2141 928 2188 969 in

236 1025 459 1067 hundredo
479 1025 579 1067 ville
599 1027 741 1066 nostre
761 1023 946 1078 predicte
968 1022 1152 1076 exceptis
1173 1021 1338 1076 placitis
1359 1035 1507 1062 corone
1527 1020 1695 1061 forstall
1712 1020 1942 1061 homsokne
1963 1022 2006 1061 et
2018 1019 2185 1074 placitis

237 1119 361 1158 terre.
424 1116 628 1158 Volentes
649 1115 780 1157 eciam
802 1117 842 1156 et
861 1113 1133 1154 concedentes
1155 1112 1268 1166 quod
1289 1110 1623 1153 constabularius
1639 1113 1780 1152 noster
1800 1111 1852 1151 de
1873 1109 2088 1151 KAERDIF
2109 1110 2190 1165 qui

235 1222 311 1263 pro
343 1212 530 1262 tempore
556 1206 687 1248 fuerit
714 1208 857 1247 teneat
885 1204 1032 1245 eadem
1056 1202 1279 1244 hundreda
1304 1205 1447 1243 nostra
1473 1203 1524 1243 de
1541 1201 1757 1256 quindena
1778 1201 1823 1241 in
1849 1201 2110 1255 quindenam
2140 1204 2182 1243 et

232 1298 390 1353 placita
435 1300 581 1339 vocata
623 1297 849 1352 pipoudres
880 1296 931 1335 de
962 1294 1030 1335 die
1058 1293 1103 1334 in
1137 1293 1248 1335 diem
1282 1294 1620 1348 quandocunque
1651 1307 1816 1333 necesse
1845 1291 1976 1333 fuerit
2001 1294 2043 1334 et
2070 1292 2185 1347 quod

231 1388 374 1430 omnia
400 1388 484 1429 alia
510 1387 726 1429 libertates
747 1386 846 1427 ville
873 1388 1014 1426 nostre
1044 1384 1230 1438 predicte
1259 1384 1486 1438 tangencia
1507 1385 1592 1425 sint
1614 1383 1841 1424 terminata
1864 1385 1906 1424 et
1929 1398 2070 1424 coram
2091 1382 2193 1438 ipso>

230 1479 444 1521 verificata
465 1482 507 1519 et
528 1479 641 1533 quod
661 1478 749 1532 ipse
771 1477 960 1517 decetero
983 1475 1036 1516 sit
1059 1475 1202 1530 Major
1220 1474 1413 1530 ejusdem
1434 1474 1534 1515 ville
1555 1478 1708 1516 nostre.

290 1570 381 1613 Nos
398 1574 540 1611 autem
561 1569 813 1611 donaciones
834 1570 875 1608 et
896 1566 1179 1608 eoncessiones
1199 1566 1408 1620 predictas
1429 1568 1542 1606 ratas
1562 1564 1766 1606 habentes
1789 1570 1831 1606 et
1853 1567 1996 1620 gratas
2017 1578 2086 1606 eas
2105 1579 2193 1619 pro-

228 1661 351 1704 nobis
372 1666 413 1703 et
441 1660 666 1702 heredibus
687 1659 839 1700 nostris
867 1657 1067 1713 predictis
1087 1656 1371 1712 burgensibus
1399 1656 1552 1697 nostris
1586 1655 1853 1697 concedimus
1887 1658 1929 1696 et
1958 1655 2180 1696 confirma-

230 1768 325 1794 mus
356 1767 507 1807 easque
537 1754 682 1793 tenore
713 1749 974 1805 presencium
1005 1748 1259 1789 innovamus
1289 1748 1478 1789 volentes
1509 1750 1549 1788 et
1575 1747 1850 1788 concedentes
1881 1760 1957 1801 pro
1987 1745 2109 1788 nobis
2139 1748 2182 1788 et

229 1843 455 1885 heredibus
483 1842 636 1883 nostris
665 1841 778 1896 quod
806 1844 920 1881 carta
950 1839 1140 1894 predicta
1160 1838 1206 1879 in
1228 1838 1424 1880 omnibus
1445 1840 1488 1879 et
1509 1837 1688 1892 singulis
1709 1836 1899 1878 articulis
1920 1836 2008 1878 suis
2028 1836 2190 1892 imper-⁷

227 1938 405 1990 petuum
427 1933 603 1974 firmiter
624 1935 666 1974 et
686 1931 989 1973 inviolabiliter
1009 1929 1254 1972 observetur
1278 1929 1409 1971 eciam
1431 1930 1465 1969 si
1487 1928 1620 1983 aliqui
1641 1928 1808 1969 articuli
1829 1928 1873 1969 in
1896 1928 2044 1969 eadem
2064 1930 2180 1969 carta

229 2025 418 2067 contenti
444 2024 658 2078 hucusque
679 2022 858 2064 forsitan
878 2036 964 2062 non
992 2020 1152 2062 fuerint
1182 2020 1404 2062 observati.
1466 2018 1522 2061 In
1544 2019 1610 2074 cuj
1617 2034 1665 2060 us
1686 2018 1746 2060 rei
1773 2018 2065 2060 testimonium
2085 2018 2186 2060 huic

231 2115 415 2171 presenti
438 2118 549 2156 carte
571 2113 761 2169 sigillum
783 2112 1030 2153 cancellarie
1052 2116 1192 2152 nostre
1214 2112 1266 2152 de
1288 2110 1513 2152 KAERDYF
1536 2110 1737 2151 duximus
1757 2110 2073 2164 apponendum.

290 2207 393 2248 Hiis
420 2206 599 2247 testibus
631 2239 639 2247 .
673 2202 1001 2247 Venerabilibus
1029 2202 1129 2244 viris
1163 2202 1378 2243 HENRICO
1406 2201 1558 2243 abbate
1583 2201 1635 2242 de
1663 2200 1869 2242 MARGAN
1893 2234 1900 2242 .
1926 2200 2186 2243 WILLELMO

232 2297 384 2340 abbate
406 2298 458 2339 de
471 2296 610 2338 NETH
627 2329 634 2337 .
651 2295 834 2337 dominis
844 2293 1101 2337 VVILLELMO
1123 2294 1174 2335 de
1191 2293 1447 2334 ERCALEWE
1472 2326 1480 2334 .
1500 2291 1714 2333 HEcho
1735 2292 1787 2333 de
1808 2290 2158 2333 UMFRAMVILLA
2175 2323 2184 2332 .

229 2389 259 2431 J
263 2403 450 2430 OHANNE
472 2388 700 2436 DAVENEV.
726 2386 912 2427 RerRo
933 2386 984 2426 de
1008 2384 1309 2425 BERKEROLES
1340 2382 1548 2425 militibus
1581 2416 1588 2425 .
1622 2382 1651 2425 J
1654 2396 1841 2424 OHANNE
1872 2382 1911 2423 le
1942 2381 2183 2424 NORREYs.

233 2479 462 2522 MATTHEO
483 2480 521 2520 le
543 2479 658 2521 Soon
680 2480 721 2519 et
744 2477 851 2519 aliis,

289 2571 455 2613 Datum
489 2570 603 2624 apud
643 2568 868 2610 KAERDYF
908 2582 1021 2609 nono
1061 2567 1223 2608 decimo
1265 2566 1332 2608 die
1373 2565 1530 2608 mensis
1569 2564 1734 2620 Aprilis
1762 2578 1875 2605 anno
1903 2563 2026 2618 regni
2051 2561 2192 2618 Regis

232 2661 459 2703 EnwARm
481 2660 600 2702 tercii
620 2662 715 2715 post
735 2660 1012 2712 conquestum
1034 2660 1184 2712 quarto
1207 2658 1382 2700 decimo.

706 2749 1001 2804 (Photograph
1022 2748 1066 2790 in
1089 2749 1267 2790 Rea-omis
1287 2752 1338 2800 qf
1365 2749 1494 2791 Gardt·
1525 2782 1535 2801 ‚
1557 2762 1597 2803 p.
1622 2746 1710 2800 21.)
