2386 3645
1910 297 2018 338 1461

137 498 318 554 predicti
357 501 487 541 sexto.
549 497 610 540 Et
649 497 779 539 etiam
819 496 968 540 dicunt
1007 498 1122 552 quod
1160 497 1190 540 J
1193 511 1402 540 OHANNES
1441 498 1677 541 MOWBRAY
1724 499 1856 543 frater
1898 502 2076 557 predicti

139 588 306 632 ΤΗΟΜΕ
336 604 472 645 nuper
502 587 666 631 comitis
695 587 810 630 infra
839 589 996 630 etatem
1026 590 1069 630 et
1098 587 1288 630 custodia
1315 588 1479 630 domini
1509 589 1642 645 Regis
1671 590 1853 633 existens
1880 595 1942 634 est
1959 592 2079 635 heres

135 678 329 736 ejusdem
387 679 554 722 ΤΗΟΜΕ
592 678 869 735 propinquior
909 680 951 720 et
984 677 1070 720 fuit
1109 677 1234 720 etatis
1265 678 1423 734 viginti
1463 694 1672 722 annorum
1709 681 1755 722 in
1797 681 1904 724 festo
1932 683 2077 726 Sancti

138 770 397 814 LAURENcn
417 771 570 813 ultimo
590 769 803 826 preterito.

195 861 337 891 Thomas
362 861 541 899 Mowbray,
564 860 637 890 who
658 860 735 890 bore
759 860 816 889 the
838 859 912 889 title
933 860 966 888 of
999 858 1077 888 Earl
1102 859 1257 897 Marsha1‚
1282 868 1360 897 was,
1381 860 1431 889 for
1459 859 1509 890 his
1530 860 1622 890 share
1643 859 1677 889 in
1698 861 1902 901 Archbishop
1923 861 2067 900 Scrope's

150 919 349 957 conspiracy,
363 917 526 948 beheaded
540 919 575 946 at
590 916 692 954 York,
706 917 723 945 6
740 915 853 954 Henry
869 915 929 945 IV.

1050 1331 1176 1374 MOI,

146 1439 361 1483 ROYAL
403 1438 661 1483 PARDON
701 1438 778 1481 To
819 1438 950 1481 THE
991 1438 1280 1482 TENANTS
1321 1438 1456 1482 AND
1497 1437 1938 1482 INHABITANTS
1980 1438 2058 1481 OF

482 1530 613 1574 THE
657 1529 885 1574 GROWN
925 1530 1226 1574 DEMESNE
1269 1530 1346 1573 OF
1388 1529 1743 1574 OGGEMORE.

659 1637 734 1696 [B.
758 1638 820 1681 M.
882 1638 1061 1681 SLOANE
1093 1638 1186 1681 MS.
1211 1639 1353 1691 4‚599‚
1375 1638 1405 1680 f.
1431 1637 1552 1695 107.]

1258 1746 1313 1788 28
1344 1745 1454 1787 FER.
1519 1746 1568 1787 11
1604 1745 1727 1788 HEN.
1751 1745 1832 1789 IV.
1896 1745 2019 1787 1410.

869 1853 942 1896 DE
973 1853 1343 1895 PARDONATIONE.

189 1945 285 1988 Rex
305 1944 501 1988 omnibus
521 1944 693 1987 ballivis
709 1951 752 1987 et
772 1944 984 1987 ffidelibus
1005 1944 1090 1987 suis
1110 1945 1166 1986 ad
1185 1959 1302 2000 quos,
1324 1946 1421 1996 eto„
1440 1944 1633 1986 salutem.

187 2036 339 2079 Sciatis
359 2037 474 2092 quod
494 2037 546 2079 de
567 2035 707 2092 gratia
727 2038 872 2078 nostra
893 2036 1065 2092 speciali
1091 2035 1420 2092 pardonavimus
1448 2033 1644 2077 omnibus
1663 2033 1907 2076 hominibus
1926 2036 2074 2077 tenen-

128 2127 244 2170 tibus
264 2130 307 2169 et
325 2126 608 2170 residentibus
627 2126 782 2169 nostris
802 2127 982 2169 dominii
1001 2127 1136 2169 nostri
1157 2127 1209 2169 de
1238 2126 1488 2168 OGGEMORE
1510 2125 1556 2167 in
1577 2125 1773 2169 WALLIA
1792 2124 2012 2167 ANGLICIS
2033 2126 2075 2166 et

130 2216 361 2261 WALLICIS
381 2220 424 2260 et
444 2233 589 2260 eorum
610 2216 784 2260 cuilibet
804 2221 960 2260 sectam
980 2217 1094 2273 pacis
1115 2222 1269 2260 nostrae
1291 2232 1386 2273 quae
1407 2217 1462 2258 ad
1481 2231 1558 2258 nos
1570 2231 1714 2258 versus
1734 2215 1846 2271 ipsos
1866 2218 1908 2257 et
1928 2229 2073 2257 eorum

127 2308 361 2364 quemlibet
399 2308 584 2365 pertinet
619 2323 696 2364 pro
733 2309 990 2351 omnimodis
1024 2307 1335 2364 proditionibus
1366 2306 1743 2350 insurrectionibus
1774 2305 2073 2348 rebellionibus

127 2399 282 2441 arsuris
301 2398 489 2441 ffeloniis
508 2398 914 2454 transgressionibus
933 2398 1278 2454 mesprisionibus
1298 2401 1342 2441 et
1359 2397 1597 2440 malefactis
1617 2412 1665 2439 ac
1685 2397 1813 2439 etiam
1833 2395 2069 2438 adhesioni-

126 2489 206 2533 bus
237 2489 573 2547 quibuscumque
607 2489 790 2532 inimicis
824 2490 979 2532 nostris
1012 2505 1088 2546 per
1121 2489 1314 2532 homines
1348 2492 1541 2531 tenentes
1573 2490 1616 2530 et
1646 2488 1876 2530 residentes
1908 2489 2070 2529 nostros

125 2581 335 2638 predictos
355 2583 430 2623 aut
450 2595 596 2622 eorum
623 2580 809 2636 aliquem
839 2580 884 2622 in
915 2580 1106 2636 partibus
1136 2583 1179 2622 et
1198 2579 1396 2622 marchiis
1417 2578 1612 2622 WALLIE
1643 2581 1742 2620 ante
1769 2577 1860 2619 haec
1880 2580 2070 2633 tempora

126 2671 250 2714 factis
289 2671 377 2714 sive
411 2671 662 2727 perpetratis
702 2671 816 2713 unde
850 2671 1048 2713 indictati
1086 2670 1236 2714 rectati
1275 2670 1344 2712 vel
1383 2669 1586 2726 appellati
1626 2668 1815 2710 existunt
1854 2683 1901 2710 ac
1941 2668 2070 2710 etiam

125 2762 350 2818 utlagariis
370 2762 406 2805 si
426 2777 521 2818 quae
542 2762 589 2804 in
611 2761 723 2817 ipsos
743 2765 819 2804 aut
840 2777 985 2804 eorum
1006 2762 1192 2817 aliquem
1212 2761 1295 2803 hiis
1316 2759 1599 2803 occasionibus
1629 2761 1728 2802 ante
1759 2762 1926 2801 sextum
1956 2759 2069 2800 diem

126 2852 386 2909 Septembris
427 2867 539 2895 anno
579 2852 704 2908 regni
748 2853 883 2895 nostri
923 2855 1069 2895 octavo
1109 2852 1272 2894 fuerint
1310 2851 1594 2908 promulgatae
1636 2854 1678 2891 et
1717 2849 1883 2891 firmam
1924 2863 2070 2904 pacem

125 2946 314 2986 nostram
329 2943 389 2985 eis
402 2946 445 2985 et
460 2957 605 2985 eorum
621 2942 797 2986 cuilibet
811 2942 912 2985 inde
926 2943 1205 2985 concedimus.
1263 2942 1335 2985 Ita
1350 2945 1494 2984 tamen
1510 2941 1624 2996 quod
1641 2942 1753 2981 stent
1769 2941 1881 2981 recto
1894 2938 1941 2980 in
1958 2939 2073 2981 curia

125 3037 270 3077 nostra
290 3034 325 3076 si
346 3033 420 3089 qui
440 3048 585 3076 versus
605 3048 674 3076 eos
694 3033 811 3089 loqui
832 3034 1045 3076 voluerint
1065 3035 1117 3076 de
1138 3033 1365 3089 praemissis
1386 3031 1453 3074 vel
1474 3031 1616 3086 aliquo
1636 3030 1962 3086 praemissorum.
