2386 3645
310 292 419 334 1562

246 499 364 542 libris
384 501 427 540 et
457 499 602 540 decem
632 496 777 539 solidis
809 496 861 537 de
898 495 1020 537 firma
1042 493 1241 549 'predicta
1273 493 1326 534 de
1360 491 1542 534 termino
1567 489 1755 545 predicto
1784 488 1971 530 fatemur
2001 502 2078 529 nos
2109 487 2198 529 fore

247 591 405 633 solutos
425 590 671 643 dictumque
692 586 890 629 abbatem
912 589 954 627 et
975 586 1232 627 conventum
1253 583 1353 624 inde
1373 582 1537 638 quietos
1557 596 1632 636 per
1651 582 1866 635 presentes
1887 578 2027 634 sigillo
2054 582 2199 620 nostro

249 682 452 737 signatas.

306 771 471 813 Datum
511 770 627 825 apud.
666 768 974 811 TEUKESBURY
1015 768 1165 821 quinto
1202 765 1270 806 die
1310 764 1467 806 mensis
1507 761 1700 805 Octobris
1744 775 1857 803 anno
1898 760 2023 816 regni
2068 759 2203 816 Regis

250 861 457 904 HENRICI
480 860 588 903 sexti
608 862 704 916 post
723 860 1001 914 conquestum
1022 856 1184 898 decimo
1205 870 1332 898 nono.

307 952 366 995 Of
385 952 459 994 the
480 951 567 993 seal
587 951 707 992 there
728 949 913 992 remains
934 964 958 990 a
978 947 1198 1003 fragment
1217 946 1263 987 in
1285 946 1361 988 red
1382 960 1477 986 wax
1498 943 1543 986 of
1563 943 1637 986 the
1659 945 1865 986 secretum
1887 941 1932 984 of
1953 941 2026 984 the
2058 940 2206 983 Abbot

250 1043 296 1086 of
317 1043 640 1085 TEWKESBURY
666 1042 750 1095 (see
771 1040 855 1082 No.
880 1037 1079 1091 MCLXV.).

1101 1244 1367 1287 MOLVIH.

251 1357 657 1406 INQUISITION
706 1355 916 1398 AFTER
957 1354 1088 1396 THE
1137 1352 1359 1395 DEATH
1402 1351 1479 1394 OF
1521 1349 1849 1401 ISABELLA,
1892 1347 2207 1392 GOUNTESS

999 1445 1076 1488 OF
1131 1442 1468 1488 WARWIOK.

284 1558 477 1616 [RRD.
512 1557 761 1600 CHANOERY
792 1555 1100 1600 INQUISITIONS
1132 1553 1245 1595 PosT
1275 1551 1492 1594 MORTEM.
1557 1551 1609 1592 18
1642 1549 1816 1592 HENRY
1846 1548 1929 1592 VI.
1991 1548 2078 1591 No.
2113 1547 2176 1604 3.]

1637 1658 1662 1699 3
1694 1657 1810 1699 Nov.
1873 1656 1990 1699 A.D.
2028 1657 2151 1698 1440.

310 1774 541 1830 Inquisitio
563 1776 685 1829 capta
714 1773 830 1828 apud
861 1771 1210 1813 GLOUCESTRIAM
1241 1768 1371 1811 tercio
1407 1767 1476 1810 die
1510 1765 1767 1809 Novembris
1789 1780 1902 1807 anno
1923 1764 2047 1821 regni
2079 1764 2214 1820 Regis

254 1866 460 1909 HENRICI
483 1865 591 1907 sexti
619 1866 714 1920 post
745 1865 1023 1918 conquestum
1054 1868 1162 1903 X1x0·
1189 1889 2211 1902 ........................

254 2048 404 2091 dicunt
444 2047 576 2089 eciam
617 2045 796 2101 predicti
837 2044 971 2100 jurati
1005 2058 1130 2098 super
1165 2043 1476 2084 sacramentum
1511 2040 1628 2095 quod
1665 2039 1779 2081 dicta
1818 2038 2041 2081 ISABELLA
2082 2053 2218 2093 nuper

253 2138 465 2181 comitissa
484 2137 531 2179 in
552 2137 664 2179 dicto
685 2136 810 2179 breve
832 2136 1053 2178 nominata
1072 2133 1213 2176 tenuit
1234 2133 1302 2175 die
1324 2147 1407 2187 quo
1429 2131 1535 2174 obiit
1555 2131 1602 2173 in
1623 2130 1835 2173 dominico
1858 2145 1933 2172 suo
1949 2133 1998 2171 ut
2019 2131 2070 2171 de
2087 2130 2212 2171 feodo

255 2230 422 2273 talliato
452 2228 532 2271 sibi
562 2232 605 2270 et
624 2226 851 2269 heredibus
872 2227 958 2268 suis
981 2227 1034 2268 de
1066 2239 1237 2281 corpore
1267 2239 1341 2266 suo
1373 2221 1628 2265 exeuntibus
1654 2221 1879 2263 inter-alia
1904 2220 2142 2263 dominium
2170 2236 2218 2263 ac

264 2320 512 2363 comitatum
553 2319 604 2360 de
648 2316 950 2360 GLAMORGAN’
992 2316 1098 2358 alias
1142 2316 1305 2357 dictum
1352 2314 1634 2356 GLoMORGAN
1676 2327 1772 2355 cum
1813 2311 2009 2353 omnibus
2048 2311 2219 2354 liberta-

263 2411 379 2453 tibus
414 2411 573 2452 eisdem
605 2409 793 2451 dominio
830 2424 876 2450 ae
917 2407 1139 2450 comitatui
1180 2405 1468 2462 spectantibus
1508 2405 1553 2446 in
1595 2403 1709 2446 dicta
1748 2403 1970 2445 MAROHIA
2010 2402 2219 2446 WALLIAE

265 2502 454 2558 predicto
497 2500 718 2543 comitatui
761 2499 1084 2542 GLOUCESTRIAE
1123 2497 1346 2554 adjacente
1386 2498 1571 2538 castrum
1607 2496 1659 2537 de
1695 2494 1921 2536 KAERDYF
1955 2509 2050 2536 cum
2082 2493 2219 2549 burgo

269 2596 312 2635 et
331 2592 590 2643 molendino,
613 2591 796 2647 patriam
818 2592 871 2632 de
899 2590 1067 2632 KYBUR
1088 2593 1132 2632 et
1153 2589 1436 2632 GLYNNOGOR
1457 2601 1552 2629 cum
1573 2585 1845 2642 pertinenciis
1866 2586 1918 2627 de
1939 2600 2023 2641 qua
2048 2586 2221 2641 quidem

266 2685 406 2741 patria
446 2685 498 2726 de
540 2682 822 2726 GLYNNOGOR
861 2697 1012 2738 parcus
1048 2683 1102 2724 de
1134 2680 1420 2723 GLYNNOGOR
1442 2679 1546 2721 alias
1571 2678 1708 2720 dictus
1737 2693 1888 2733 parcus
1919 2678 1971 2719 de
2003 2676 2223 2719 OLENNOK

271 2779 333 2819 est
380 2775 563 2832 parcella
615 2774 795 2817 dominii
846 2774 899 2815 de
948 2773 1165 2815 KAERmF
1218 2786 1314 2814 cum
1358 2769 1628 2826 pertinentiis
1671 2769 1718 2810 in
1757 2768 1946 2824 predicta
2000 2767 2221 2810 MARCHIA

270 2882 368 2909 cum
400 2865 596 2908 omnibus
634 2864 904 2907 libertatibus
942 2864 1080 2906 eidem
1118 2862 1308 2905 dominio
1341 2859 1665 2916 pertinentibus,
1706 2858 1945 2901 manerium
1981 2859 2033 2900 de
2068 2857 2222 2901 COGAN

271 2973 367 3000 cum
417 2956 686 3013 pertinentiis
735 2957 781 2998 in
832 2957 980 2998 eadem
1030 2954 1265 3005 MARCH1A‚
1315 2952 1553 2994 dominium
1593 2950 1832 2992 manerium
1880 2952 1923 2991 et
1971 2949 2120 2991 villam
2169 2950 2221 2991 de

270 3049 546 3091 BOVYERTON
588 3062 684 3089 cum
723 3046 994 3103 pertinentiis
1032 3046 1078 3087 in
1118 3044 1308 3101 predicta
1348 3043 1584 3094 MARcmA,
1622 3040 1861 3084 dominium
1903 3042 1945 3081 et
1983 3039 2222 3081 manerium
