2386 3645
1988 283 2097 324 1619

217 489 336 542 petat
365 486 540 542 recipiat
570 502 644 528 8611
664 486 838 542 colligat
863 485 958 542 [seu
987 486 1140 541 aliquis
1160 487 1227 529 vel
1257 487 1390 541 aliqui
1421 487 1495 528 alii
1526 487 1667 542 aliquo
1693 488 1827 530 colore
1852 489 2013 543 quesito
2040 492 2158 544 petat

221 577 288 618 vel
318 580 471 632 petunt
501 577 673 632 colligat
704 581 778 618 aut
810 576 1015 632 colligant
1044 577 1186 631 aliquo
1216 580 1404 632 tempore
1434 577 1480 619 in
1512 577 1658 619 futuro
1694 579 1837 634 aliqua
1871 580 1981 621 bona
2012 583 2158 622 vocata

222 666 458 724 comortha]
487 667 711 722 pecuniam
738 666 931 708 bidentes
961 665 1114 708 bestias
1142 682 1215 708 seu
1242 667 1385 723 aliqua
1415 667 1499 709 alia
1519 668 1659 710 averia
1679 668 1789 711 bona
1819 685 1891 712 seu
1912 670 2063 712 catalla
2084 686 2160 713 nec

223 759 411 799 vendant
433 758 649 799 cervisiam
665 757 814 799 vinum
829 758 1052 799 medonem
1074 772 1150 799 nec
1167 758 1354 813 aliquam
1369 758 1589 800 tabernam
1605 759 1650 800 in
1667 761 1932 815 oppressione
1953 762 2161 804 dictorum

221 847 386 890 abbatis
424 852 654 890 conventus
689 850 732 889 61
765 848 1007 889 16116116111111
1046 846 1111 904 [61
1144 848 1523 905 molendariorum]
1561 864 1733 892 suorum
1769 852 2053 906 predictorum
2086 852 2162 895 sub

222 953 331 993 pena
356 939 497 995 gravis
527 938 623 980 finis
643 941 685 980 et
714 938 1025 994 indignationis
1060 942 1213 981 nostre.
1276 939 1336 981 Et
1363 940 1495 981 eciam
1526 940 1666 982 sciatis
1694 942 1807 996 quod
1837 942 2091 997 suscepimus
2117 943 2163 984 in

221 1029 524 1084 protectionem
560 1032 603 1070 et
639 1028 927 1070 defensionem
957 1032 1121 1071 nostras
1157 1030 1356 1085 speciales
1388 1030 1562 1072 dilectos
1591 1034 1773 1073 oratores
1809 1036 1972 1074 nostros
2004 1032 2164 1074 dictum

218 1120 419 1162 abbatem
459 1123 502 1162 et
542 1123 798 1163 conventum
838 1121 1158 1163 commonachos
1198 1125 1241 1164 et
1282 1122 1512 1164 confratres
1562 1137 1658 1164 81108
1700 1123 1928 1165 servientes
1973 1123 2166 1166 homines

223 1214 415 1253 tenentes
449 1211 777 1253 molendinarios
816 1214 949 1253 terras
988 1227 1053 1253 res
1092 1213 1283 1254 redditus
1324 1213 1506 1255 decimas
1547 1213 1788 1270 [piscarias]
1828 1229 1991 1256 necnon
2024 1230 2168 1257 omnes

221 1301 510 1356 possessiones.
573 1301 634 1342 Et
674 1302 769 1343 ideo
810 1301 929 1344 vobis
968 1306 1011 1344 et
1053 1303 1226 1345 cuilibet
1265 1307 1454 1345 vostrum
1496 1304 1799 1346 committimus
1835 1309 1875 1346 et
1916 1307 2167 1348 mandamus

222 1392 399 1433 firmiter
437 1392 715 1448 injungentes
756 1394 869 1448 quod
908 1394 1048 1449 ipsum
1090 1393 1286 1437 abbatem
1323 1395 1641 1437 commonachos
1675 1396 1906 1438 confratres
1938 1397 2167 1439 servientes

220 1481 413 1524 homines
443 1486 635 1524 tenentes
666 1483 995 1525 molendinarios
1025 1499 1090 1526 res
1116 1485 1306 1527 redditus
1334 1485 1516 1527 decimas
1551 1484 1791 1542 [piscarias]
1829 1490 1871 1527 et
1903 1501 2048 1528 omnes
2074 1502 2166 1542 pos-

225 1573 426 1615 sessiones
457 1588 553 1615 suas
584 1574 844 1628 supradictas
874 1575 1187 1617 manuteneatis
1217 1577 1451 1631 protegatis
1487 1579 1528 1618 et
1561 1576 1801 1619 defendatis
1829 1592 1914 1618 non
1938 1577 2170 1620 inferentes

225 1664 293 1705 vel
332 1663 481 1706 inferri
521 1665 815 1720 permittentes
850 1665 909 1707 eis
949 1680 1027 1707 1166
1062 1681 1207 1708 eorum
1248 1667 1375 1708 alicui
1409 1667 1615 1722 injuriam
1656 1667 1895 1710 molestiam
1935 1669 2170 1723 dampnum

221 1755 395 1810 aliquod
430 1770 503 1797 seu
534 1770 778 1810 gravamen.
841 1756 901 1798 Et
932 1757 966 1798 si
996 1756 1100 1812 quid
1136 1757 1194 1799 eis
1226 1757 1481 1813 injuriatum
1507 1758 1636 1800 fuerit
1663 1758 1709 1800 id
1741 1759 1800 1801 eis
1835 1760 1926 1801 sine
1963 1759 2170 1802 dilacione

213 1845 355 1887 debite
376 1846 529 1902 corrigi
550 1853 592 1887 et
614 1847 830 1888 emendari
851 1847 1027 1889 faciatis.
1090 1847 1146 1890 In
1170 1847 1237 1903 cuj
1245 1863 1292 1890 us
1313 1848 1374 1889 rei
1394 1848 1687 1891 testimonium
1717 1849 1792 1891 has
1822 1850 1965 1892 literas
1997 1854 2162 1892 nostras

223 1936 315 1978 fieri
335 1936 514 1979 facimus
531 1939 736 1991 patentes.

276 2027 442 2069 Datum
480 2027 527 2069 111
567 2028 817 2070 cancellaria
855 2032 1000 2070 nostra
1040 2030 1091 2071 de
1140 2028 1410 2071 KAERDYFF'
1452 2029 1530 2071 sub
1571 2030 1712 2086 sigillo
1745 2031 1990 2073 cancellarie
2030 2036 2171 2074 nostre

219 2117 378 2160 ibidem
409 2119 603 2161 vicesimo
625 2123 774 2174 quarto
805 2120 873 2161 die
904 2119 1056 2162 Marcii
1088 2135 1199 2161 anno
1226 2121 1349 2176 regni
1383 2120 1517 2176 Regis
1551 2121 1757 2163 HENRIOI
1799 2123 1907 2164 sexti
1937 2126 2030 2178 post
2070 2138 2166 2165 con-

220 2213 418 2264 questum
439 2209 634 2252 vicesimo
656 2212 814 2252 octavo.

278 2299 322 2342 A
352 2300 570 2355 fragment
600 2300 645 2342 of
679 2300 751 2342 the
782 2300 924 2343 Earl’s
956 2303 1021 2344 lst
1043 2301 1263 2357 Ohancery
1284 2303 1381 2354 scal,
1404 2302 1534 2346 about
1555 2303 1641 2345 3111.
1667 2303 1811 2355 diam„
1834 2319 2002 2359 creamy
2034 2304 2162 2346 white

222 2406 329 2432 wax.

282 2474 459 2516 obverse.
524 2473 566 2515 A
588 2473 744 2529 knight
764 2474 808 2516 in
842 2490 1024 2526 armour,
1047 2475 1192 2532 riding
1211 2478 1255 2518 to
1275 2476 1348 2518 the
1376 2476 1506 2532 right,
1530 2491 1584 2519 on
1606 2492 1631 2519 a
1659 2477 1779 2519 horse
1800 2477 1904 2519 with
1925 2477 2161 2532 caparisons

218 2565 264 2606 of
283 2564 470 2606 heraldjc
490 2564 665 2621 charges
685 2580 730 2607 as
752 2580 806 2607 on
829 2544 1095 2609 the'reverse.

282 2657 456 2696 Reverso..
517 2654 563 2697 A
583 2655 718 2697 shield
740 2656 785 2697 of
807 2671 946 2708 arms;
980 2658 1211 2712 quarterly‚
1235 2659 1272 2709 1,
1295 2659 1335 2709 4,
1357 2657 1522 2709 Onam,
1545 2659 1585 2710 2,
1609 2660 1648 2710 3,
1669 2658 1949 2701 DESPENSER.

276 2745 478 2801 Legends
498 2746 704 2801 wanting.

277 2835 414 2877 There
433 2851 503 2878 are
520 2840 604 2878 two
625 2836 758 2878 forms
779 2837 824 2878 of
853 2837 926 2879 the
947 2837 1079 2880 above
1113 2839 1232 2890 deed,
1255 2853 1333 2880 one
1354 2838 1399 2880 of
1426 2838 1563 2880 which
1593 2839 1784 2881 contains
1815 2839 1888 2881 the
1923 2838 2158 2881 additional

218 2925 452 2980 protection
488 2925 656 2980 against
688 2930 698 2947 ‘
721 2925 978 2979 Comortha‚'
1000 2932 1076 2970 etc.
1115 2930 1176 2982 (as
1205 2927 1395 2970 between
1427 2929 1500 2970 the
1529 2929 1722 2971 brackets
1746 2928 1764 2984 [
1788 2928 1844 2984 ])‚
1867 2929 1912 2970 os
1938 2928 2010 2970 the
2044 2943 2157 2971 same

217 3016 328 3057 date.
389 3014 682 3057 Endorsed—‘
699 3015 911 3058 Dominus
934 3016 1209 3074 Glamorgan.
1272 3018 1316 3060 A
1335 3018 1627 3074 prohybyc'on
1649 3021 1693 3060 to
1722 3018 1926 3060 Gomorth
1947 3033 1994 3060 or
2012 3021 2156 3060 exacte

219 3106 264 3148 of
283 3105 356 3148 the
377 3104 506 3148 abbot
526 3120 572 3148 or
593 3105 659 3148 his
680 3107 900 3149 tenentes?
1524 3096 1531 3101 ⁴
