2386 3645
305 293 416 334 1448

1042 818 1416 863 MLXXXVIII.

242 925 619 972 QUIT-OLAIM
658 926 745 969 BY
785 925 1136 970 WENLLIAN
1182 925 1406 970 VERGH
1447 926 1605 969 REES
1645 925 1820 969 LEYA
1859 925 1936 968 ΤΟ
1977 925 2006 968 J
2009 925 2186 970 EVAN

383 1016 466 1059 ΑΡ
515 1016 719 1061 DAVID
768 1016 851 1059 ΑΡ
900 1016 1109 1060 JEVAN
1158 1016 1240 1059 ΑΡ
1291 1016 1539 1061 WILLIM
1589 1017 1669 1060 OF
1717 1017 1894 1060 LAND
1941 1015 2013 1059 IN
2054 1016 2186 1060 THE

381 1107 682 1151 DEMEsNE
735 1107 814 1150 OF
863 1106 1300 1150 TYRYARLITH.

951 1214 1182 1271 [MARGAM
1214 1214 1471 1271 CHARTER]

487 1323 689 1366 MONDAY
721 1337 892 1365 BEFORE
924 1322 993 1365 ST.
1026 1321 1201 1364 LUKE's
1231 1322 1348 1364 DAY.
1414 1323 1466 1364 17
1498 1322 1599 1365 OCT.
1662 1323 1688 1364 3
1720 1323 1846 1365 HEN.
1880 1322 1962 1366 IV.
2027 1324 2152 1366 1401.

290 1431 443 1474 Pateat
478 1431 686 1474 universis
717 1446 792 1486 per
822 1433 1036 1486 presentes
1070 1445 1138 1472 me
1174 1429 1435 1474 WENLLIAN
1469 1430 1603 1486 vergh
1645 1429 1769 1472 Rms
1810 1429 1940 1472 LEYA
1975 1430 2183 1473 remisisse

230 1522 438 1565 relaxasse
471 1525 512 1565 et
550 1522 865 1578 imperpetuum
905 1521 1098 1577 quietum
1131 1521 1332 1563 clamasse
1372 1520 1402 1562 J
1406 1535 1527 1562 EVAN
1570 1535 1623 1576 ap
1659 1520 1815 1562 DAVID
1849 1535 1902 1577 ap
1935 1520 1966 1564 J
1968 1535 2090 1563 EVAN
2128 1536 2182 1577 ap

232 1612 423 1657 WILL1M
445 1613 671 1656 heredibus
684 1616 727 1656 et
742 1613 967 1669 assignatis
988 1612 1074 1655 suis
1093 1614 1234 1655 totum
1261 1611 1332 1667 jus
1363 1615 1405 1654 et
1426 1612 1626 1654 olamium
1647 1613 1761 1668 quod
1782 1612 1917 1655 habeo
1938 1613 2006 1655 vel
2026 1612 2182 1655 habere

228 1707 375 1761 potero
411 1705 456 1747 in
492 1720 579 1747 uno
615 1706 859 1747 tenemento
909 1719 990 1760 que
1030 1704 1116 1759 (sic)
1162 1704 1380 1759 quondam
1419 1703 1576 1745 DAVID
1609 1719 1662 1759 ap
1702 1703 1733 1747 J
1736 1718 1857 1745 EVAN
1900 1719 1953 1759 ap
1987 1703 2180 1747 W1LL1M

231 1795 482 1852 perquisivit
502 1797 554 1838 de
580 1795 703 1838 REES
733 1794 864 1837 LEYA
895 1797 937 1837 et
968 1795 1020 1837 de
1050 1794 1080 1837 J
1083 1808 1271 1836 OHANNE
1301 1794 1389 1837 filio
1420 1795 1534 1850 apud
1564 1794 1885 1837 KELLIZEIREN
1916 1794 1962 1836 in
1993 1794 2182 1838 dominio

225 1888 278 1929 de
301 1887 617 1930 TYRYARLITH.
679 1886 751 1929 Ita
781 1887 896 1943 quod
926 1901 1002 1928 neo
1033 1901 1112 1942 ego
1142 1886 1256 1928 diota
1286 1885 1551 1929 WENLLIAN
1582 1900 1659 1928 neo
1690 1885 1844 1941 aliquis
1874 1885 1983 1927 alius
2004 1885 2179 1928 nomine

228 1993 322 2021 meo
344 1978 509 2034 aliquid
527 1978 637 2034 juris
657 1978 725 2021 vel
746 1978 888 2020 olamii
907 1978 953 2020 in
974 1977 1163 2033 predicto
1191 1979 1434 2020 tenemento
1456 1991 1552 2019 oum
1583 1976 1669 2019 suis
1698 1976 1968 2032 pertinentiis
1989 1977 2181 2019 deeetero

227 2069 400 2126 exigere
419 2070 487 2112 vel
509 2069 731 2112 vendicare
751 2069 984 2125 poterimus
1004 2069 1050 2111 in
1070 2068 1267 2111 futurum
1288 2072 1351 2110 set
1371 2067 1424 2110 ab
1455 2067 1572 2109 omni
1602 2067 1766 2110 actione
1796 2066 1905 2123 juris
1935 2067 2002 2109 vel
2034 2066 2177 2110 olamii

226 2161 389 2204 eisdem
424 2161 739 2217 imperpetuum
780 2161 911 2203 simus
951 2160 1122 2203 exclusi.
1204 2159 1260 2202 In
1301 2158 1369 2215 ouj
1378 2174 1425 2201 us
1463 2158 1525 2201 rei
1564 2158 1857 2201 testimonium
1899 2158 1997 2200 huie
2038 2158 2180 2201 littere

227 2252 641 2308 quieteolamaeionis
662 2252 853 2309 sigillum
880 2267 1024 2294 meum
1055 2254 1118 2294 est
1138 2265 1385 2307 appensum.
1447 2249 1550 2292 Hiis
1579 2248 1759 2292 testibus
1783 2282 1791 2291 .
1816 2248 1984 2291 ΤΗΟΜΕ
2010 2249 2098 2305 (sie)
2122 2264 2176 2305 ap

227 2342 350 2386 REEs
370 2342 499 2386 LEYA
523 2378 531 2386 .
555 2343 733 2386 HOWEL
754 2358 808 2399 ap
829 2343 859 2386 J
863 2357 982 2385 EVAN
1004 2358 1058 2399 ap
1079 2342 1203 2385 REEs
1225 2376 1234 2385 .
1257 2341 1409 2384 DAvm
1431 2356 1485 2397 ap
1505 2340 1535 2383 J
1538 2355 1658 2383 EVAN
1680 2355 1734 2396 ap
1748 2340 1777 2383 J
1780 2355 1901 2382 EVAN
1919 2340 2092 2384 WEITH
2111 2374 2119 2382 .
2135 2343 2179 2383 et

228 2434 375 2476 multis
396 2434 502 2476 aliis.

285 2525 452 2568 Datum
487 2526 603 2581 apud
642 2525 950 2568 LANGENOITH
991 2525 1059 2567 die
1100 2524 1225 2567 Lune
1264 2523 1457 2580 proximo
1508 2525 1608 2565 ante
1647 2522 1807 2565 festum
1856 2521 2003 2565 Sancti
2052 2521 2178 2564 LUCE

225 2617 509 2673 ewangelh'sti
530 2632 643 2660 anno
663 2617 787 2674 regni
809 2616 942 2673 Regis
963 2616 1169 2658 HENRICI
1190 2614 1332 2671 quarti
1351 2616 1447 2670 post
1467 2616 1743 2670 conquestum
1763 2613 1907 2657 tercio.

285 2707 384 2751 Seal
404 2709 611 2765 wanting.
