2386 3645
320 259 431 301 1526

1071 465 1383 509 MCXXXIV.

332 581 757 626 RESTITUTION
807 582 885 625 OF
936 582 1442 626 TEMPORALITIES
1494 583 1569 626 ΤΟ
1627 583 1796 628 JOHN
1846 584 2118 638 WELLES,

843 673 1073 717 BISHOP
1125 673 1203 715 OF
1252 673 1607 717 LLANDAFF.

361 780 491 838 [Pu.
514 782 639 834 Rom,
660 784 688 824 4
710 781 835 825 ΗΕΝ.
858 781 956 833 VI.,
979 796 1018 824 P.
1044 782 1082 832 l,
1104 795 1151 823 M.
1179 782 1244 823 12.
1307 781 1425 824 B.M.
1474 782 1590 825 Am).
1614 781 1724 835 MS„
1746 784 1888 835 4‚604‚
1909 783 1940 826 f.
1964 783 2085 841 202]

1426 890 1478 931 15
1501 889 1607 932 JAN.
1670 892 1696 931 4
1717 889 1842 932 HEN.
1867 890 1949 933 VI.
2013 891 2136 933 1426.

624 996 696 1039 DE
730 1009 1051 1038 REsr1TUT10NE
1081 1010 1406 1038 TEMPORALIUM
1437 995 1818 1040 LANDAVENSIUM.

309 1105 404 1148 Rex
426 1105 625 1147 escaetori
647 1119 721 1146 suo
741 1104 786 1146 in
809 1103 1013 1145 comitatu
1033 1103 1215 1145 DERBIE
1237 1104 1429 1146 salutem.

308 1195 416 1238 Cum
438 1196 635 1238 dominus
656 1210 845 1237 summus
866 1194 1069 1236 Pontifex
1091 1209 1226 1249 nuper
1246 1199 1421 1236 vacante
1447 1194 1619 1237 ecclesia
1646 1194 1877 1238 cathedrali
1896 1195 2193 1239 LANDAVENSI

247 1302 322 1342 per
342 1290 522 1329 mortem
541 1286 651 1328 bone
672 1285 872 1328 memorie
894 1285 923 1327 J
926 1299 1126 1327 OHANNIS
1148 1285 1330 1340 episcopi
1351 1286 1431 1327 loci
1452 1286 1568 1327 illius
1594 1285 1731 1327 eidem
1761 1286 1929 1327 ecclesie
1960 1287 2012 1328 de
2042 1286 2195 1330 dilecto

246 1376 368 1420 nobis
388 1377 418 1420 J
421 1391 608 1419 OHANNE
625 1376 821 1420 WELLES
837 1374 996 1418 ordinis
1010 1375 1207 1416 ffratrum
1221 1375 1435 1417 minorum
1448 1374 1680 1430 professore
1701 1375 1746 1418 in
1763 1375 1979 1433 theologia
1990 1377 2195 1433 magistro

246 1468 478 1523 providerit
514 1468 739 1523 ipsumque
774 1468 820 1508 in
851 1466 1092 1521 episcopum
1123 1466 1203 1507 loci
1244 1466 1360 1507 illius
1390 1466 1629 1521 praefecerit
1660 1469 1701 1509 et
1731 1470 1943 1523 pastorem
1973 1468 2080 1510 sieut
2119 1483 2195 1524 per

245 1558 391 1600 literas
410 1557 595 1600 bullatas
616 1557 748 1613 ipsius
769 1557 934 1599 domini
955 1556 1110 1599 summi
1131 1556 1343 1612 pontificis
1363 1556 1486 1599 nobis
1506 1557 1606 1600 inde
1627 1558 1807 1600 directas
1827 1558 1949 1601 nobis
1970 1561 2144 1601 constat.

301 1648 394 1692 Nos
425 1664 501 1705 pro
533 1664 580 1691 eo
612 1649 724 1704 quod
755 1649 869 1690 idem
901 1648 1119 1704 episcopus
1149 1648 1345 1691 omnibus
1375 1652 1417 1690 et
1448 1648 1628 1704 singulis
1657 1649 1796 1692 verbis
1825 1649 1947 1692 nobis
1968 1652 2009 1692 et
2030 1664 2192 1693 coronae

243 1744 399 1783 nostrae
420 1739 783 1796 praejudicialibus
813 1740 858 1781 in
889 1739 1014 1781 dictis
1044 1739 1198 1781 litteris
1228 1738 1402 1781 bullatis
1432 1739 1640 1782 contentis
1670 1754 1810 1782 coram
1839 1739 1960 1783 nobis
1979 1741 2122 1796 palam
2151 1743 2195 1784 et

243 1845 438 1887 expresse
467 1831 731 1873 renuntiavit
761 1834 803 1873 et
834 1830 970 1886 gratie
1001 1833 1143 1872 nostre
1173 1830 1393 1872 humiliter
1424 1845 1466 1872 se
1497 1829 1692 1872 submisit
1727 1830 1913 1886 cepimus
1942 1831 2192 1874 fidelitatem

240 1922 373 1978 ipsius
393 1922 576 1977 episcopi
596 1925 638 1964 et
658 1921 908 1977 temporalia
929 1921 1192 1977 episcopatus
1212 1921 1328 1962 illius
1347 1923 1475 1976 prout
1495 1920 1623 1962 moris
1653 1923 1716 1963 est
1745 1920 2009 1963 restituimus
2040 1922 2189 1964 eidem.

240 2012 302 2055 Et
320 2013 416 2055 ideo
436 2012 516 2055 tibi
536 2013 791 2068 precipimus
811 2014 925 2068 quod
946 2013 1082 2054 eidem
1105 2012 1297 2068 episcopo
1318 2012 1569 2068 temporalia
1589 2013 1778 2067 predicta
1807 2028 1904 2054 cum
1924 2013 2193 2068 pertinentiis

240 2104 286 2146 in
306 2103 465 2146 balliva
484 2107 560 2146 tua
575 2103 726 2146 liberes
746 2103 792 2145 in
812 2103 951 2146 forma
972 2103 1176 2160 praedicta
1196 2103 1311 2145 salvo
1332 2102 1427 2158 jure
1449 2102 1689 2158 cujuslibet.

298 2194 424 2237 Teste
445 2194 566 2250 Rege
589 2195 704 2250 apud
725 2194 1190 2238 WESTMONASTERIUM
1212 2209 1287 2236 xv.
1311 2194 1378 2236 die
1400 2193 1430 2236 J
1432 2193 1610 2235 anuarii.

1470 2283 1553 2326 Per
1573 2284 1699 2326 breve
1720 2286 1773 2327 de
1793 2285 1959 2341 privato
1980 2285 2134 2341 sigillo.

301 2376 550 2419 Consimilia
569 2375 714 2418 brevia
733 2376 982 2432 diriguntur
1002 2376 1282 2418 escaetoribus
1312 2375 1556 2431 subscriptis
1586 2375 1631 2417 in
1660 2375 1929 2419 comitatibus
1950 2375 2193 2432 subscriptis

241 2466 321 2510 sub
341 2467 490 2508 eadem
511 2467 612 2508 data
633 2466 829 2509 videlicet
846 2482 916 2508 :—-

299 2557 518 2600 Escaetori
540 2556 675 2612 Regis
694 2556 740 2599 in
762 2558 967 2600 comitatu
988 2557 1322 2599 M1DDLESEXIE.

301 2648 516 2691 Escaetori
542 2648 675 2704 Regis
695 2648 741 2691 in
764 2648 968 2691 comitatu
989 2648 1284 2691 STAFFORDIE.

301 2740 517 2783 Escaetori
537 2740 672 2796 Regis
692 2739 739 2782 in
760 2740 964 2782 comitatu
986 2739 1294 2782 HEREFORDIE
1314 2742 1357 2782 et
1376 2738 1575 2781 marchiis
1596 2738 1791 2782 WALLIE
1813 2739 1950 2781 eidem
1976 2739 2195 2783 comitatui

244 2831 551 2888 adjacentibus.

301 2921 520 2964 Escaetori
543 2921 676 2977 Regis
697 2921 742 2962 in
765 2921 969 2963 comitatu
990 2920 1182 2964 SALOPIE
1204 2937 1252 2964 ac
1272 2921 1470 2963 marchiis
1490 2920 1700 2974 WALmE,
1722 2923 1798 2962 eto.

302 3013 520 3055 Escaetori
542 3011 677 3069 Regis
696 3012 742 3054 in
764 3012 967 3055 comitatu
989 3012 1300 3055 GLOUCESTRIE
1321 3027 1368 3054 ac
1389 3012 1586 3054 marchiis
1607 3011 1817 3064 WALL1E‚
1839 3014 1916 3054 ete.
