2386 3645
1938 277 2049 320 1223

158 477 457 520 DENISPOWYS
493 509 501 518 .
543 476 605 518 Et
637 476 839 531 quiequid
873 476 1034 519 habent
1073 491 1126 519 ex
1165 478 1275 519 dono
1316 477 1521 520 Hssmum
1553 479 1606 520 de
1646 479 2022 524 HUMFRANVILLE
2062 488 2106 526 et

158 568 363 610 heredum
383 567 473 623 ejus
493 568 608 622 apud
628 566 992 624 LANMEUTH[1N]
1019 602 1027 610 .
1051 573 1094 610 et
1121 567 1438 610 BRADINGTON'
1474 602 1482 610 .
1515 568 1576 611 Et
1604 570 1826 612 duodecim
1853 586 1968 614 acras
1994 577 2103 616 terre

157 674 211 701 ex
245 659 356 700 dono
397 657 588 700 URBAm
628 659 681 699 de
721 657 1035 700 PENDEUELYN
1079 692 1087 700 .
1130 657 1192 700 Et
1230 673 1283 700 ex
1323 659 1434 701 dono
1475 658 1689 701 HUGole
1728 661 1781 702 de
1819 660 2104 705 LANGARUAN

153 749 335 805 triginta
359 751 445 790 tres
472 763 588 790 acras
619 782 628 790 .
661 748 722 790 Et
744 763 796 790 ex
817 749 928 790 dono
956 748 1060 790 ΑΒΕ
1088 749 1141 790 (10
1171 747 1361 791 Summus
1386 749 1609 791 duodecim
1637 765 1752 792 acras
1784 784 1792 793 .
1825 751 1886 792 Et
1910 767 1962 793 ex
1991 753 2102 795 dono

153 840 184 883 J
185 854 366 882 ORVARD
386 839 465 882 filii
484 839 514 883 J
517 854 667 882 usum
689 840 795 882 duas
821 855 937 882 acras
969 873 977 882 .
1011 838 1071 881 Et
1099 855 1152 881 ex
1177 840 1288 885 dono
1315 839 1539 882 WALTERI
1568 839 1808 883 LAGHELES
1835 843 1991 884 terram
2017 858 2100 898 que

150 930 298 973 dictim
327 927 663 988 LA3ELESL'AND
696 965 705 973 .
737 931 799 973 Et
819 931 1022 987 quicquid
1041 929 1202 974 habent
1232 946 1284 973 ex
1305 931 1416 973 dono
1446 930 1476 973 J
1478 945 1677 973 OHANNIS
1697 932 1749 974 de
1774 931 2037 975 BONEV1LLE
2058 937 2100 976 et

151 1022 356 1065 heredum
391 1022 485 1079 ejus
518 1025 561 1065 et
595 1023 825 1066 liberorum
853 1023 1076 1065 hominum
1114 1038 1287 1065 suorum
1320 1024 1435 1079 apud
1468 1022 1873 1065 BONEVILLESTONE
1907 1057 1914 1066 .
1948 1024 2007 1066 Et
2048 1040 2100 1067 ex

151 1114 262 1156 dono
293 1114 634 1171 Templa-iorum
667 1148 675 1156 .
710 1114 996 1171 quadraginta
1027 1129 1144 1156 acras
1176 1149 1183 1156 .
1217 1114 1278 1156 Et
1308 1129 1360 1155 ex
1394 1114 1506 1156 dono
1536 1113 1802 1156 MOREDUTH
1833 1129 2100 1157 communem

149 1207 260 1248 terre
292 1221 365 1247 sue
401 1206 446 1248 in
481 1205 604 1248 bosco
640 1209 683 1248 et
716 1206 900 1262 pasturis
935 1209 1145 1261 quantum
1178 1220 1283 1261 opus
1316 1204 1545 1248 habuerint
1586 1205 1641 1247 ad
1674 1220 1799 1247 usum
1834 1206 2013 1262 grangie
2048 1207 2101 1249 de

147 1296 517 1354 LANMVEUTHUN]
552 1332 559 1340 .
591 1297 652 1339 Et
674 1298 876 1353 quicquid
897 1297 1057 1340 habent
1078 1313 1131 1339 ex
1152 1298 1262 1339 dono
1284 1296 1490 1339 Romanu
1512 1296 1721 1339 SAMPsox
1742 1297 1788 1339 in
1809 1297 1934 1339 feodo
1955 1297 2100 1340 Sancti

148 1388 380 1431 NICHOLAI
412 1421 420 1430 .
454 1388 516 1431 Et
546 1389 749 1445 quicquid
769 1388 928 1431 habent
950 1403 1001 1431 ex
1022 1389 1134 1431 dono
1162 1387 1440 1444 burgensium
1461 1388 1514 1429 de
1534 1387 1778 1430 KAERDIFF
1799 1391 1842 1431 et
1870 1388 2100 1431 liberorum

145 1478 369 1521 hominum
391 1480 436 1522 in
457 1481 605 1522 eadem
625 1480 729 1521 villa
749 1480 816 1522 vel
839 1482 959 1522 extra
982 1513 989 1522 .
1013 1479 1082 1521 vel
1103 1480 1217 1535 apud
1237 1478 1504 1521 LISTELBON.

206 1570 350 1617 Quare
379 1571 475 1613 volo
506 1572 621 1626 quod
650 1571 807 1627 prefati
837 1571 1034 1613 monachi
1068 1570 1254 1612 habeant
1285 1572 1326 1611 et
1356 1572 1532 1612 teneant
1561 1569 1637 1611 hec
1668 1569 1810 1612 omnia
1848 1603 1855 1612 .
1893 1569 2023 1612 libere
2053 1574 2097 1613 et

145 1662 287 1718 quiete
317 1661 483 1717 integre
508 1696 515 1703 .
544 1664 587 1704 et
618 1662 806 1717 plenarie
829 1695 838 1703 .
861 1661 907 1703 in
937 1661 1059 1704 bosco
1083 1696 1090 1703 .
1115 1663 1157 1703 et
1186 1661 1314 1716 plano
1339 1693 1346 1702 .
1369 1660 1415 1702 in
1436 1660 1517 1702 viis
1545 1663 1586 1702 et
1616 1660 1775 1702 semitis
1797 1693 1805 1701 .
1829 1660 1875 1702 in
1906 1660 2025 1716 aquis
2055 1664 2096 1703 et

146 1753 402 1795 molendinis
424 1787 432 1796 .
455 1753 501 1795 in
523 1753 695 1795 vivariis
716 1755 758 1795 et
780 1753 942 1809 stagnis
966 1786 974 1794 .
997 1752 1042 1794 in
1063 1752 1191 1794 moris
1212 1755 1253 1793 et
1274 1751 1469 1793 marescis
1492 1784 1501 1792 .
1523 1751 1570 1793 in
1589 1750 1789 1793 turbariis
1810 1754 1852 1793 et
1872 1751 2060 1807 piscariis
2084 1786 2092 1793 .

145 1844 191 1886 in
227 1844 358 1900 pratis
395 1847 438 1886 et
467 1845 651 1901 pasturis
684 1879 692 1887 .
725 1847 767 1886 et
797 1845 843 1886 in
875 1843 1071 1886 omnibus
1101 1843 1196 1885 aliis
1225 1843 1327 1885 locis
1360 1876 1367 1884 .
1391 1846 1433 1884 et
1463 1841 1586 1884 rebus
1617 1857 1712 1884 cum
1743 1841 1939 1884 omnibus
1968 1841 2094 1885 liber-

142 1935 304 1977 tatibus
324 1938 368 1978 et
387 1935 531 1978 liberis
552 1935 928 1978 consuetudinibus
949 1935 1046 1977 suis.
1109 1934 1212 1976 Hiis
1232 1933 1411 1976 testibus
1435 1967 1443 1975 .
1466 1933 1638 1975 domino
1660 1932 1874 1975 HENRICO
1902 1933 2093 1989 episcopo

142 2025 441 2069 LANDAVENSI
465 2061 472 2068 .
498 2027 670 2069 domino
699 2026 948 2069 CLEMENTE
979 2025 1131 2068 abbate
1162 2026 1214 2067 de
1244 2024 1383 2067 NETH
1417 2057 1425 2066 .
1457 2024 1661 2080 magistro
1691 2023 1927 2066 MAURICIO
1958 2024 2092 2066 archi-

141 2117 316 2160 diacono
341 2151 349 2159 .
371 2118 577 2174 magistro
597 2117 837 2160 NICHOLAO
859 2117 1035 2160 GOBION
1055 2150 1062 2158 .
1082 2119 1124 2159 et
1144 2116 1348 2172 magistro
1371 2114 1592 2156 RADULFO
1612 2113 1858 2155 MAILLOKE
1880 2115 2091 2157 canonicis

139 2209 193 2251 de
221 2207 429 2251 LANDAF’
456 2242 464 2250 .
487 2209 517 2252 J
519 2223 707 2251 OHANNE
739 2210 790 2251 de
821 2208 997 2251 ERLEG'
1023 2241 1031 2250 .
1060 2207 1229 2250 THOMA
1259 2206 1539 2249 MALEMEms
1561 2238 1569 2247 .
1593 2204 1851 2247 WILLELMO
1881 2205 1933 2247 de
1963 2205 2091 2247 ACRA

138 2302 242 2342 tuno
277 2300 520 2343 vicecomite
561 2301 613 2342 de
653 2299 883 2343 KARDIFF'
921 2333 929 2342 .
967 2299 1200 2342 Gassmzro
1239 2299 1291 2340 de
1331 2297 1659 2340 TURBERVILLE
1698 2329 1706 2338 .
1745 2295 1997 2338 REIMUNDO
2036 2297 2089 2338 de

137 2390 304 2434 SULLIE
357 2425 366 2433 .
418 2391 676 2435 WILLELMO
726 2393 778 2434 de
827 2391 985 2434 SUNDY
1028 2424 1036 2432 .
1078 2389 1338 2433 WILLELMO
1378 2389 1430 2430 de
1470 2387 1655 2429 REIGNY
1692 2420 1700 2428 .
1744 2386 2001 2430 W11,LELMo
2035 2387 2088 2430 de

137 2482 398 2525 CANTILUPO
421 2516 429 2524 .
452 2481 687 2525 WALTERO
707 2481 866 2525 LounL
889 2517 897 2525 .
921 2485 963 2524 et
984 2481 1131 2524 multis
1152 2480 1258 2523 aliis.

194 2573 256 2616 Et
275 2589 352 2616 nos
372 2588 470 2616 vero
490 2574 704 2630 predictus
732 2573 872 2616 HUGo
900 2573 940 2615 le
971 2573 1241 2615 DESPENSER
1270 2570 1383 2613 filius
1412 2573 1454 2612 et
1477 2568 1598 2611 heres
1617 2568 1902 2625 predictorum
1923 2569 2085 2611 domini

135 2663 351 2707 Huc-oms
381 2664 420 2706 le
451 2663 721 2707 DESPENSER
754 2699 762 2707 .
795 2667 836 2706 et
868 2664 1039 2706 domine
1068 2663 1311 2705 ALIANORE
1343 2659 1548 2702 consortis
1569 2674 1642 2701 sue
1664 2658 1973 2701 considerantes
1992 2659 2085 2715 pias

136 2754 462 2797 elemosinarum
482 2754 734 2811 largiciones
756 2788 764 2797 .
789 2757 832 2797 et
851 2754 936 2796 alia
965 2753 1136 2809 pietatis
1156 2766 1282 2808 opera
1302 2765 1384 2807 que
1411 2750 1457 2792 in
1484 2749 1652 2806 prefata
1679 2748 1848 2791 abbatia
1867 2752 2010 2791 nostra
2030 2750 2084 2791 de

134 2844 337 2887 MARGAN
373 2845 576 2887 continua
606 2845 833 2887 devocione
864 2847 1114 2887 exercentur
1137 2877 1145 2886 .
1168 2857 1244 2898 pro
1265 2842 1401 2884 salute
1422 2839 1562 2882 anime
1582 2842 1723 2882 nostre
1747 2872 1756 2880 .
1779 2841 1821 2881 et
1841 2853 1917 2894 pro
1947 2839 2082 2882 salute

134 2935 375 2978 animarum
399 2935 532 2991 patris
559 2935 693 2977 nostri
720 2937 763 2977 et
790 2935 937 2977 matris
967 2937 1109 2977 nostre
1135 2933 1444 2975 antedictorum
1471 2964 1479 2972 .
1504 2934 1547 2971 et
1572 2944 1649 2985 pro
1679 2929 1815 2971 salute
1844 2930 2083 2973 animarum

132 3025 326 3068 omnium
357 3028 670 3068 antecessorum
704 3028 747 3068 et
783 3039 1066 3068 successorum
1105 3026 1346 3067 nostrorum
1380 3021 1576 3064 dedimus
1607 3018 1885 3063 concessimus
1923 3023 1966 3062 et
2005 3020 2084 3064 hoc
