2386 3645
1879 302 1989 343 1433

105 506 264 562 pluries
283 506 494 548 instanter
523 504 716 561 requisiti
745 507 985 560 presentem
1015 504 1364 560 composicionem
1394 509 1437 547 et
1467 506 1730 549 concordiam
1754 509 2049 551 confirmamus

104 598 365 640 ratificamus
414 600 457 640 et
495 611 572 653 pro
612 595 734 638 nobis
773 598 817 637 et
856 594 1161 638 successoribus
1204 595 1359 637 nostris
1398 595 1692 651 approbamus,
1734 612 1865 653 eaque
1905 598 1962 641 sic
2001 605 2050 641 ut

108 687 373 744 premittitur
423 686 635 730 observari
675 685 827 728 debere
876 685 1192 741 imperpetuum
1231 685 1495 728 decernimus
1534 689 1576 728 et
1616 687 1865 730 auctoritate
1913 691 2056 732 nostra

110 779 325 821 ordinaria
345 778 523 834 prefatis
542 777 709 820 vicariis
739 791 867 819 onera
886 776 1076 832 predicta
1096 777 1223 818 modo
1253 776 1455 832 premisso
1485 792 1560 832 per
1590 778 1758 819 eosdem
1786 777 1833 819 in
1861 778 2057 821 futurum

108 869 330 913 subeunda
367 872 410 912 et
440 869 730 925 supportanda
759 867 1021 924 imponimus
1049 870 1091 910 et
1111 867 1421 924 adjudicamus.
1483 867 1539 909 In
1571 882 1752 923 quorum
1782 868 1972 910 omnium
2015 872 2058 912 et

109 961 379 1018 singulorum
418 959 724 1011 testimonium,
767 959 868 1014 quia
908 959 1100 1016 sigiHum
1139 961 1332 1001 nostrum
1372 958 1418 1000 in
1457 958 1645 1014 presenti
1686 959 1740 1000 ad
1779 974 1931 1001 manus
1974 975 2060 1002 non

111 1052 318 1095 habemus
358 1051 549 1108 sigillum
590 1050 859 1093 officialitatis
908 1049 1230 1092 LANDAVENSIS
1279 1049 1378 1091 huic
1415 1049 1602 1105 presenti
1641 1050 1794 1105 scripto
1843 1050 2064 1093 indeutato

114 1144 316 1187 duximus
355 1143 671 1200 apponendum,
714 1141 851 1197 Cujus
900 1156 1033 1184 unam
1070 1144 1236 1197 partem
1275 1156 1404 1196 penes
1443 1141 1652 1196 predictos
1690 1141 1908 1197 religiosos
1956 1141 2067 1184 viros

113 1236 312 1279 abbatem
348 1238 390 1278 et
426 1237 684 1277 conventum
716 1235 769 1276 de
807 1232 1115 1275 TEUKESBURY
1149 1232 1372 1288 predictos,
1406 1232 1535 1274 aliam
1568 1247 1666 1274 vero
1699 1247 1827 1287 penes
1856 1232 2068 1287 prefatum

113 1328 318 1371 vicarium
349 1329 391 1370 et
421 1341 517 1369 suos
548 1340 800 1368 successores
830 1324 1028 1366 volumus
1057 1338 1274 1366 remanere
1304 1323 1520 1379 ipsiusque
1539 1338 1639 1365 vera
1669 1323 1788 1378 copia
1818 1323 1865 1365 in
1891 1323 2070 1379 registro

113 1422 258 1463 nostro
279 1418 441 1461 dimitti
461 1417 644 1460 fideliter
664 1416 944 1473 registranda.

172 1511 338 1553 Datum
380 1524 463 1565 quo
508 1509 562 1550 ad
608 1507 977 1550 confirmacionem
1020 1505 1348 1548 ratifieacionem
1402 1508 1444 1547 et
1500 1504 1853 1561 approbacionem
1908 1507 2071 1548 nostras

116 1601 350 1645 antedictas
384 1600 431 1642 in
460 1599 623 1656 palacio
654 1602 798 1641 nostro
829 1597 1129 1640 LANDAVENSI
1161 1596 1323 1639 decimo
1353 1596 1423 1638 die
1443 1596 1600 1638 mensis
1620 1596 1650 1639 J
1652 1596 1730 1638 ulii
1751 1611 1863 1638 anno
1892 1595 2071 1638 Domini

114 1692 341 1736 millesimo
362 1697 489 1734 cccm0·
509 1689 786 1743 nonagesimo
808 1689 987 1744 septimo
1008 1690 1050 1730 et
1071 1691 1212 1730 nostre
1236 1687 1562 1730 consecracionis
1583 1702 1696 1729 anno
1718 1687 1868 1742 primo.

174 1784 361 1827 Pointed
391 1782 487 1825 oval
517 1781 616 1834 seal,
639 1796 784 1837 green,
806 1780 929 1822 faced
959 1779 1065 1822 with
1095 1780 1182 1829 red,
1218 1779 1331 1834 lgin.
1363 1778 1423 1834 by
1457 1779 1557 1829 lin„
1580 1779 1802 1833 appended
1833 1777 1893 1833 by
1926 1792 2074 1820 woven

116 1877 229 1919 cord.
290 1875 336 1917 A
368 1874 530 1929 bishop,
565 1871 773 1929 probably
807 1871 870 1914 St.
905 1871 1074 1923 PETER,
1111 1870 1217 1912 with
1252 1870 1377 1912 mitre
1413 1870 1499 1911 and
1530 1869 1697 1921 crozier,
1728 1869 1881 1925 lifting
1911 1884 1969 1924 up
1999 1867 2073 1910 the

118 1967 238 2024 right
266 1966 384 2008 hand
413 1965 460 2007 in
489 1964 694 2020 blessing‚
716 1963 908 2005 between
929 1966 1013 2004 two
1044 1962 1148 2017 keys
1179 1976 1234 2004 on
1261 1961 1335 2003 the
1361 1960 1480 2016 right
1501 1961 1587 2002 and
1607 1975 1632 2002 a
1653 1960 1789 2002 sword
1810 1975 1864 2001 on
1885 1959 1957 2001 the
1978 1959 2070 2002 left.

119 2058 175 2101 In
210 2058 323 2110 base,
354 2057 493 2099 under
522 2071 578 2098 an
609 2054 709 2097 arch
745 2053 850 2096 with
885 2053 961 2095 flat
992 2053 1113 2105 sides,
1148 2052 1222 2094 the
1252 2052 1405 2094 official
1431 2051 1636 2107 kneeling
1665 2050 1711 2093 in
1741 2065 1896 2106 prayer
1924 2053 1969 2093 to
1999 2051 2073 2093 the

123 2149 256 2206 right.

594 2224 838 2262 ‘SIGILLUM
871 2252 880 2262 .
914 2232 1264 2261 OFFICIALITATIS
1297 2252 1305 2260 .
1340 2216 1601 2258 LANDAVIE.'

178 2330 415 2382 Endorsed,
437 2329 484 2371 in
513 2329 682 2372 various
711 2326 1098 2383 handwritings—‘
1114 2325 1239 2368 realis
1270 2323 1518 2380 composicio
1548 2324 1660 2366 inter
1681 2323 1856 2365 domum
1886 2322 2070 2366 [Peukes-

119 2421 242 2464 burie
282 2423 325 2463 et
358 2419 564 2463 vicarium
600 2420 653 2461 de
689 2417 893 2471 Kenfek,'
933 2417 1187 2472 ‘Evydense
1223 2415 1268 2458 of
1301 2415 1354 2458 Sr-
1385 2414 1525 2470 Ryese
1559 2414 1788 2457 Maunsell’
1826 2413 1872 2456 of
1906 2413 2072 2465 Walis‚'

123 2511 333 2568 ‘Repairs
366 2511 411 2554 of
443 2510 606 2566 Kenfig
642 2509 827 2551 chancel.
889 2508 1052 2563 Bishop
1086 2506 1131 2549 of
1163 2505 1371 2549 Llandaff
1403 2506 1568 2548 decrees
1606 2505 1703 2547 that
1741 2505 1814 2547 the
1849 2504 1995 2548 Abbot
2028 2505 2073 2547 of

122 2601 412 2656 Tewkesbury
449 2600 602 2644 should
635 2599 805 2642 rebuild
840 2599 914 2642 the
950 2598 1136 2649 chancel,
1171 2597 1256 2639 and
1289 2596 1363 2638 the
1399 2596 1529 2640 Vicar
1561 2611 1658 2638 ever
1688 2595 1799 2638 after
1827 2596 1934 2651 keep
1963 2595 2000 2638 it
2028 2595 2074 2637 in

125 2691 293 2747 repair?
