2386 3645
1953 296 2062 338 1541

180 491 261 535 civi
282 494 324 533 et
344 505 516 547 grocero
537 490 790 543 LONDONIE,
813 494 856 533 et
877 490 1135 534 WILLELMO
1164 492 1314 536 WADE
1335 495 1565 550 capellano,
1586 496 1632 538 in
1662 497 1818 553 viginti
1847 500 1997 541 marcis
2018 503 2120 542 ster-

178 583 396 638 lingorum
427 582 640 624 solvendis
668 581 714 623 in
744 581 853 624 festo
883 581 1031 625 Sancti
1061 582 1321 626 MICHAELIS
1355 584 1632 641 Archangeli,
1669 589 1782 643 quod
1815 590 1894 631 erit
1928 590 1974 631 in
2009 605 2121 633 anno

177 673 356 716 Domini
377 672 601 714 millesimo
617 672 1038 728 quadringentesimo
1054 673 1278 726 tricesimo,
1295 678 1421 730 prout
1436 675 1482 717 in
1502 676 1690 731 predicto
1704 678 1856 734 scripto
1872 679 2123 736 obligatorio

175 764 344 820 plenius
364 763 606 806 continetur
623 780 633 815 ;
666 763 854 805 Predicti
874 767 1019 806 tamen
1040 765 1242 820 magister
1256 765 1458 817 ΤΗοΜΑε,
1477 766 1762 810 WILLELMUS
1775 769 2056 812 BEUERECHE
2077 774 2120 813 et

176 854 461 899 WILLELMUS
482 854 634 898 WADE
654 869 730 910 pro
752 869 794 896 se
814 854 1040 897 heredibus
1061 860 1103 897 et
1123 857 1417 899 executoribus
1437 858 1523 900 suis
1553 859 1704 901 volunt
1731 862 1774 901 et
1794 862 2029 903 concedunt
2048 877 2122 917 per

173 951 401 1003 presentes,
439 947 553 1002 quod
593 946 628 988 si
666 946 881 1002 predictus
920 947 1125 1003 magister
1165 947 1356 990 THOMAS
1396 953 1495 991 ante
1536 950 1649 992 diem
1690 950 1837 993 Sancti
1866 951 2125 994 MICHAELIS

175 1037 452 1093 Archangeli,
495 1038 608 1093 quod
653 1038 739 1092 (sie)
785 1039 865 1079 erit
905 1038 950 1080 in
992 1053 1104 1080 anno
1144 1039 1322 1081 Domini
1356 1041 1595 1096 supradicto
1628 1041 1791 1092 obierit,
1825 1044 1939 1097 quod
1969 1046 2124 1085 extunc

172 1129 412 1186 predictum
433 1128 636 1184 scriptum
659 1128 962 1185 obligatorium
982 1129 1143 1171 nullius
1165 1130 1218 1171 sit
1240 1130 1398 1186 vigoris
1420 1134 1461 1172 et
1491 1146 1568 1186 pro
1589 1132 1708 1174 nullo
1729 1131 1947 1175 habeatur.
2009 1132 2069 1175 Et
2090 1133 2125 1175 si

171 1220 386 1276 predictus
425 1220 630 1275 magister
669 1219 860 1262 THOMAS
895 1220 1050 1262 vixerit
1095 1221 1181 1262 sive
1222 1228 1431 1276 superstes
1472 1222 1603 1264 fuerit
1641 1225 1687 1264 in
1727 1224 1840 1266 dicto
1880 1224 1949 1265 die
1980 1223 2125 1266 Sancti

142 1368 143 1371 Ἴ
173 1310 433 1352 MICHAELIS
472 1310 739 1367 Archangeli
774 1311 849 1366 qui
889 1311 969 1352 erit
1007 1312 1054 1353 in
1095 1327 1207 1354 anno
1248 1312 1427 1354 Domini
1467 1314 1708 1369 supradicto
1749 1318 1905 1357 extunc
1944 1314 2124 1370 predicti

171 1401 328 1444 DAvn)
349 1401 636 1445 WILLELMUS
657 1401 843 1443 BASLAK
865 1407 907 1444 et
927 1401 957 1444 J
960 1417 1171 1445 OHANNES
1194 1402 1394 1445 BUTTON’
1416 1419 1492 1459 pro
1518 1419 1560 1446 se
1582 1404 1809 1447 heredibus
1828 1408 1871 1447 et
1891 1405 2122 1448 executori-

171 1491 251 1535 bus
271 1492 356 1534 suis
376 1492 528 1534 volunt
549 1496 592 1534 et
613 1493 850 1534 concedunt
870 1508 945 1548 per
966 1497 1180 1549 presentes
1201 1495 1314 1549 quod
1335 1495 1573 1550 predictum
1594 1496 1797 1552 scriptum
1822 1496 2124 1553 obligatorium

170 1583 217 1626 in
238 1583 355 1626 omni
376 1598 450 1625 suo
471 1583 619 1626 robore
638 1587 887 1639 permaneat
900 1588 943 1626 et
958 1584 1129 1627 virtute.
1190 1585 1246 1627 In
1268 1585 1335 1641 cuj
1342 1601 1391 1627 us
1407 1586 1468 1627 rei
1481 1586 1774 1629 testimonium
1790 1587 1872 1629 hiis
1884 1587 2124 1629 indenturis

167 1677 309 1730 partes
328 1674 516 1730 predicte
538 1674 681 1730 sigilla
701 1690 778 1716 sua
799 1675 1043 1717 alternatim
1063 1680 1363 1731 apposuerunt.

227 1766 394 1808 Datum
414 1765 611 1808 vicesimo
632 1767 761 1809 tercio
783 1767 852 1809 die
872 1767 1029 1809 mensis
1050 1766 1311 1822 Septembris
1333 1784 1445 1810 anno
1466 1768 1645 1811 Domini
1671 1770 1896 1813 millesimo
1918 1771 2121 1826 quadrin-

170 1858 406 1915 gentesimo
436 1858 634 1900 vicesimo
664 1873 777 1901 nono
808 1862 851 1900 et
881 1874 993 1901 anno
1024 1860 1147 1916 regni
1179 1860 1313 1916 Regis
1343 1859 1549 1902 HENRICI
1581 1861 1690 1903 sexti
1719 1864 1815 1916 post
1844 1867 2123 1917 conquestum

167 1952 328 1992 octavo.

225 2039 330 2083 Two
351 2040 470 2082 seals.
1810 2043 2061 2086 Ornmcn'.

1017 2241 1278 2286 MOXLIV.

167 2347 544 2394 QUIT-OLAIM
594 2348 682 2391 BY
724 2348 827 2391 SIR
872 2349 1153 2393 EDWARD
1196 2349 1578 2393 STRADLYNG
1626 2350 1761 2393 AND
1807 2350 1898 2394 AN
1902 2350 2116 2394 OTHER

307 2438 383 2481 TO
434 2438 800 2491 WENLLIAN,
852 2439 1210 2483 DAUGHTER
1251 2440 1329 2483 OF
1378 2440 1642 2483 JANKYN
1697 2441 1780 2483 ΑΡ
1836 2441 2116 2484 OSSYRAG

308 2529 387 2571 OF
419 2529 464 2572 A
495 2529 743 2573 MOOETY
779 2530 857 2573 OF
893 2531 1083 2584 LAND,
1126 2531 1274 2583 ETO„
1309 2531 1382 2574 IN
1422 2531 1727 2585 OOITIFFE,
1765 2531 2114 2575 FORMERLY

306 2619 679 2663 BELONGING
731 2621 807 2663 TO
860 2621 1111 2665 ROBERT
1161 2621 1507 2665 KAYRELIL.

1013 2729 1088 2786 [Gr.
1113 2730 1165 2772 G.
1189 2729 1264 2786 F.]

1306 2838 1333 2879 4
1363 2837 1503 2880 JUNE.
1565 2838 1591 2878 8
1623 2836 1748 2879 ΗΕΝ.
1782 2836 1864 2879 VI.
1929 2837 2051 2878 1430.

211 2940 424 2984 Noverint
459 2942 647 2984 universi
686 2957 761 2998 per
810 2947 1024 2999 presentes
1073 2960 1150 2987 nos
1185 2944 1463 2986 EDWARDUM
1503 2942 1790 2986 STRADLYNG'
1840 2943 2022 2986 militem
2063 2947 2104 2987 et

156 3030 186 3073 J
188 3045 414 3074 OHANNEM
435 3030 613 3074 STABUL
634 3047 688 3088 ap
710 3032 913 3076 Wu'mm
934 3034 1069 3078 THUE
1090 3036 1142 3077 de
1164 3034 1364 3078 GOITIFF'
1390 3034 1598 3090 remisisse
1626 3034 1834 3076 relaxasse
1857 3037 1898 3076 et
1935 3034 2107 3077 omnino
