2386 3645
297 268 406 309 1606

234 472 522 516 WARREWICI
554 474 661 515 circa
691 488 816 528 quem
846 473 889 514 in
912 473 1047 515 teneri
1073 474 1158 528 (sie)
1185 476 1296 516 etate
1317 489 1392 516 sua
1413 475 1464 516 de
1486 475 1654 530 speciali
1674 476 1875 517 mandato
1896 479 2038 518 nostro
2058 477 2171 518 idem

232 563 471 606 JOHANNES
502 563 748 606 attendebat
783 564 993 619 impendit
1028 567 1069 606 et
1101 563 1222 605 nobis
1253 564 1389 606 indies
1420 565 1664 620 impendere
1696 581 1781 607 non
1813 566 1990 616 desistit,
2016 567 2172 623 absque

230 654 372 709 aliquo
404 654 529 697 feodo
559 655 611 696 de
641 655 762 697 nobis
792 655 905 696 infra
934 669 1115 711 regnum
1143 658 1333 697 nostrum
1354 655 1537 697 ANGLIE
1562 655 1720 707 habito,
1742 658 1937 713 quodque
1958 658 2170 713 predictus

227 743 468 786 JOHANNES
495 760 631 800 nuper
670 744 819 786 habuit
860 761 911 786 cx
951 745 1120 800 propria
1149 745 1382 787 hereditate
1414 746 1600 801 ipsorum
1635 761 1771 801 nuper
1805 747 1923 788 ducis
1958 750 1998 789 et
2034 763 2169 803 nuper

228 835 393 877 comitis
422 838 465 877 et
495 836 638 877 uxoris
668 850 740 877 sue
771 840 883 878 certa
915 836 1048 877 officia
1079 839 1121 877 et
1150 835 1288 887 feoda,
1321 836 1516 878 videlicet
1551 837 1685 878 officia
1720 837 1957 893 cancellarij
1997 841 2039 880 et
2074 853 2169 881 con-

228 925 449 980 stabularij
474 927 526 967 de
549 926 774 968 KAERDYF
796 929 837 968 et
858 927 1081 981 receptoris
1107 928 1158 968 de
1188 926 1470 969 GLOMORGAN
1501 942 1576 983 pro
1607 927 1760 982 quibus
1789 928 1902 970 idem
1934 928 1962 970 J
1964 943 2172 971 onANNEs

228 1017 513 1072 quadraginta
552 1016 680 1058 libras
719 1016 890 1058 nomine
930 1016 1044 1058 feodi
1084 1017 1149 1058 sui
1189 1017 1412 1058 annuatim
1458 1018 1615 1073 recepit
1661 1022 1703 1060 et
1749 1019 1932 1060 officium
1980 1020 2171 1075 capitalis

225 1106 434 1149 forestarii
472 1108 524 1149 de
562 1106 843 1149 GLOMORGAN
879 1122 954 1162 pro
991 1122 1073 1162 quo
1114 1108 1284 1149 nomine
1324 1108 1438 1150 feodi
1479 1109 1543 1150 sui
1583 1109 1739 1164 viginti
1779 1108 1907 1151 libras
1946 1110 2169 1152 annuatim

224 1198 420 1240 similiter
440 1198 598 1253 recepit
619 1213 700 1253 que
721 1198 893 1253 quidem
921 1198 1055 1240 officia
1085 1201 1127 1240 et
1156 1198 1282 1240 feoda
1311 1202 1405 1254 post
1435 1200 1647 1241 decessum
1679 1200 1857 1254 predicti
1888 1216 2024 1256 nuper
2053 1202 2170 1244 ducis

222 1303 347 1343 super
383 1288 662 1344 peticionibus
698 1288 818 1330 nobis
853 1289 952 1330 inde
992 1288 1116 1331 factis
1155 1289 1278 1331 certis
1318 1290 1505 1345 personis
1545 1304 1618 1345 per
1657 1305 1733 1332 nos
1773 1292 1873 1332 data
1913 1292 2086 1334 fuerunt
2127 1296 2170 1335 et

220 1393 414 1421 concessa
449 1379 493 1420 in
529 1379 593 1421 sui
638 1394 766 1435 grave
798 1380 1032 1435 dampnum
1073 1383 1117 1421 et
1155 1380 1422 1435 deperditum
1458 1383 1506 1422 ut
1539 1381 1719 1431 dicitur3
1762 1383 1814 1422 de
1851 1383 1989 1437 gratia
2025 1386 2167 1425 nostra

220 1470 389 1525 speciali
433 1473 475 1511 et
516 1470 560 1511 in
602 1470 1033 1525 recompensacionem
1077 1471 1376 1526 premissorum
1420 1472 1697 1513 concessimus
1744 1472 1908 1527 prefato
1958 1473 1988 1515 J
1991 1488 2167 1516 OHANNI

220 1561 442 1616 sexaginta
484 1560 611 1601 libras
651 1560 943 1616 percipiendas
983 1561 1206 1602 annuatim
1247 1562 1427 1603 durante
1470 1561 1632 1617 juniori
1672 1565 1784 1604 etate
1824 1563 1962 1605 ANNE
2003 1564 2088 1607 filie
2128 1568 2170 1607 et

218 1650 382 1694 heredis
427 1652 605 1707 predicti
646 1666 782 1706 nuper
823 1651 940 1693 ducis
980 1652 1032 1692 de
1073 1651 1256 1693 exitibus
1295 1652 1490 1707 proficuis
1530 1656 1571 1694 et
1611 1654 1931 1697 revencionibus
1979 1657 2169 1698 omnium

218 1743 508 1785 dominiorum
530 1743 815 1784 maneriorum
836 1744 1044 1784 terrarum
1066 1751 1106 1783 et
1131 1746 1470 1784 tenementorum
1498 1758 1580 1799 que
1607 1744 1780 1786 fuerunt
1813 1745 1851 1801 ej
1859 1747 2005 1788 usdem
2035 1762 2171 1802 nuper

215 1833 333 1874 ducis
371 1833 415 1874 in
455 1832 649 1875 WALLIA
679 1836 721 1874 et
755 1833 961 1875 marcheis
991 1833 1181 1889 ejusdem
1213 1849 1288 1889 per
1316 1849 1466 1876 manus
1496 1837 1758 1890 receptorum
1789 1837 2070 1879 firmariorum
2101 1838 2166 1880 vel

218 1928 518 1980 occupatorum
550 1924 707 1967 ibidem
743 1940 818 1980 pro
849 1928 1037 1980 tempore
1077 1926 1351 1967 existentium
1392 1927 1444 1968 ad
1486 1927 1595 1969 festa
1642 1926 1787 1969 Sancti
1835 1928 2091 1971 M1cHAEL1s
2128 1933 2171 1972 et

219 2015 396 2057 PAscHE
426 2031 500 2071 per
527 2016 696 2071 equales
725 2016 941 2071 porciones
974 2050 981 2057 .
1014 2016 1175 2072 Aliquo
1207 2020 1366 2060 statuto
1396 2024 1493 2059 actu
1523 2019 1792 2061 ordinacione
1812 2019 1879 2061 vel
1904 2020 2169 2063 restriccione

215 2108 261 2149 in
285 2106 543 2149 contrarium
566 2106 678 2149 facto
699 2122 785 2149 non
807 2106 1011 2149 obstante.
1075 2106 1130 2149 In
1152 2107 1274 2163 cujus
1301 2108 1361 2149 rei
1389 2109 1679 2151 testimonium
1709 2109 1784 2151 has
1815 2110 1977 2153 litteras
2009 2114 2171 2154 nostras

218 2198 307 2240 fieri
328 2198 508 2240 fecimus
528 2202 732 2254 patentes
795 2198 919 2240 Teste
949 2214 1016 2240 me
1043 2199 1133 2254 ipso
1164 2201 1278 2254 apud
1310 2199 1770 2242 WES'rMoNASTERIUM
1804 2216 1917 2243 xvm.
1954 2202 2022 2244 die
2055 2202 2084 2244 J
2086 2202 2164 2258 ulij

176 2297 179 2299 “
220 2304 334 2331 anno
355 2289 478 2344 regni
499 2289 632 2330 nostri
655 2289 848 2331 vicesimo
870 2289 1030 2344 quinto.

1856 2349 2111 2392 STURGEON.

339 2437 423 2478 Per
443 2436 568 2479 breve
590 2438 640 2477 de
662 2437 827 2492 privato
849 2437 989 2493 sigillo
1011 2445 1053 2480 et
1073 2438 1125 2479 de
1145 2439 1246 2479 data
1266 2438 1454 2493 predicta
1474 2439 1723 2481 auctoritate
1746 2439 2036 2483 Parliamenti.

277 2529 502 2571 Endorsed
518 2533 600 2570 :—‘
616 2528 875 2570 Irrotulatur
924 2529 969 2570 in
1017 2529 1307 2571 Memorandis
1347 2529 1551 2585 Scaccarij
1595 2530 1790 2573 videlicet
1829 2531 1941 2573 inter
1981 2532 2173 2574 Recorda

222 2620 274 2662 de
318 2619 505 2662 termino
552 2618 697 2661 Sancti
745 2619 981 2672 Michaelis,
1036 2636 1148 2662 anno
1198 2620 1394 2663 vicesimo
1445 2625 1562 2663 sexto
1614 2621 1746 2677 Regis
1796 2621 2001 2664 HENRIOI
2052 2623 2172 2675 sexti,

226 2710 385 2753 Rotulo
406 2717 565 2752 XVIJm0·
585 2725 636 2751 ex
657 2713 776 2765 parte
798 2710 1156 2753 Rememoratoris
1177 2710 1339 2766 Regis.'

280 2801 354 2843 An
375 2800 602 2856 imperfect
622 2801 815 2856 example
836 2801 881 2844 of
911 2801 983 2844 the
1005 2806 1123 2858 great
1147 2803 1231 2843 seal
1251 2802 1298 2844 in
1318 2802 1474 2858 yellow
1494 2817 1587 2845 wax
1608 2803 1644 2845 is
1664 2804 1898 2858 appended.
