<?xml version="1.0" encoding="UTF-8"?>
<!DOCTYPE html PUBLIC "-//W3C//DTD XHTML 1.0 Transitional//EN"
    "http://www.w3.org/TR/xhtml1/DTD/xhtml1-transitional.dtd">
<html xmlns="http://www.w3.org/1999/xhtml" xml:lang="en" lang="en">
 <head>
  <title>
</title>
<meta http-equiv="Content-Type" content="text/html;charset=utf-8" />
  <meta name='ocr-system' content='tesseract 3.04.00' />
  <meta name='ocr-capabilities' content='ocr_page ocr_carea ocr_par ocr_line ocrx_word'/>
</head>
<body>
  <div class='ocr_page' id='page_1' title='image "./cartaeetaliamuni04claruoft_0119.png"; bbox 0 0 2386 3645; ppageno 0'>
   <div class='ocr_carea' id='block_1_1' title="bbox 1899 283 2011 325">
    <p class='ocr_par' dir='ltr' id='par_1_1' title="bbox 1899 283 2011 325">
     <span class='ocr_line' id='line_1_1' title="bbox 1899 283 2011 325; baseline 0 -1"><span class='ocrx_word' id='word_1_1' title='bbox 1899 283 2011 325; x_wconf 86' lang='lat'>1263</span> 
     </span>
    </p>
   </div>
   <div class='ocr_carea' id='block_1_2' title="bbox 125 476 2075 1171">
    <p class='ocr_par' dir='ltr' id='par_1_2' title="bbox 125 476 2073 718">
     <span class='ocr_line' id='line_1_2' title="bbox 126 476 2072 544; baseline 0.006 -24"><span class='ocrx_word' id='word_1_2' title='bbox 126 477 325 520; x_wconf 83' lang='lat' dir='ltr'>omnibus</span> <span class='ocrx_word' id='word_1_3' title='bbox 344 476 605 533; x_wconf 77' lang='lat' dir='ltr'><strong>temporibus</strong></span> <span class='ocrx_word' id='word_1_4' title='bbox 633 478 877 520; x_wconf 71' lang='lat' dir='ltr'>eternaliter</span> <span class='ocrx_word' id='word_1_5' title='bbox 905 479 1172 522; x_wconf 82' lang='lat' dir='ltr'>duraturum.</span> <span class='ocrx_word' id='word_1_6' title='bbox 1233 480 1291 523; x_wconf 91' lang='lat' dir='ltr'>In</span> <span class='ocrx_word' id='word_1_7' title='bbox 1321 482 1445 538; x_wconf 82' lang='lat' dir='ltr'>eujus</span> <span class='ocrx_word' id='word_1_8' title='bbox 1473 484 1535 526; x_wconf 87' lang='lat' dir='ltr'>rei</span> <span class='ocrx_word' id='word_1_9' title='bbox 1563 485 1854 530; x_wconf 87' lang='lat' dir='ltr'>testimonium</span> <span class='ocrx_word' id='word_1_10' title='bbox 1882 488 2072 544; x_wconf 80' lang='lat' dir='ltr'>sigillum</span> 
     </span>
     <span class='ocr_line' id='line_1_3' title="bbox 125 567 2073 633; baseline 0.006 -22"><span class='ocrx_word' id='word_1_11' title='bbox 125 583 271 611; x_wconf 90' lang='lat' dir='ltr'>meum</span> <span class='ocrx_word' id='word_1_12' title='bbox 304 567 571 624; x_wconf 78' lang='lat' dir='ltr'><strong>presentibus</strong></span> <span class='ocrx_word' id='word_1_13' title='bbox 603 567 709 609; x_wconf 82' lang='lat' dir='ltr'>duxi</span> <span class='ocrx_word' id='word_1_14' title='bbox 750 570 1064 624; x_wconf 86' lang='lat' dir='ltr'>apponendum.</span> <span class='ocrx_word' id='word_1_15' title='bbox 1144 570 1206 613; x_wconf 87' lang='lat' dir='ltr'>Et</span> <span class='ocrx_word' id='word_1_16' title='bbox 1242 572 1344 627; x_wconf 90' lang='lat' dir='ltr'>quia</span> <span class='ocrx_word' id='word_1_17' title='bbox 1374 572 1564 628; x_wconf 83' lang='lat' dir='ltr'>sigillum</span> <span class='ocrx_word' id='word_1_18' title='bbox 1597 590 1740 618; x_wconf 90' lang='lat' dir='ltr'>meum</span> <span class='ocrx_word' id='word_1_19' title='bbox 1778 577 1971 633; x_wconf 83' lang='lat' dir='ltr'>pluribus</span> <span class='ocrx_word' id='word_1_20' title='bbox 2009 581 2073 622; x_wconf 81' lang='lat' dir='ltr'>est</span> 
     </span>
     <span class='ocr_line' id='line_1_4' title="bbox 125 658 1506 718; baseline 0.004 -16"><span class='ocrx_word' id='word_1_21' title='bbox 125 659 397 715; x_wconf 83' lang='lat' dir='ltr'>incognitum</span> <span class='ocrx_word' id='word_1_22' title='bbox 419 692 429 701; x_wconf 89' lang='lat'><strong>.</strong></span> <span class='ocrx_word' id='word_1_23' title='bbox 452 658 643 715; x_wconf 84' lang='lat' dir='ltr'>sigillum</span> <span class='ocrx_word' id='word_1_24' title='bbox 664 658 693 701; x_wconf 89' lang='lat' dir='ltr'><strong>J</strong></span> <span class='ocrx_word' id='word_1_25' title='bbox 696 673 896 701; x_wconf 84' lang='lat' dir='ltr'><strong>OHANNIS</strong></span> <span class='ocrx_word' id='word_1_26' title='bbox 916 659 1073 702; x_wconf 85' lang='lat' dir='ltr'>LOVEL</span> <span class='ocrx_word' id='word_1_27' title='bbox 1095 662 1253 717; x_wconf 84' lang='lat' dir='ltr'>apponi</span> <span class='ocrx_word' id='word_1_28' title='bbox 1273 664 1506 718; x_wconf 79' lang='lat' dir='ltr'>procuravi.</span> 
     </span>
    </p>

    <p class='ocr_par' dir='ltr' id='par_1_3' title="bbox 128 748 2075 895">
     <span class='ocr_line' id='line_1_5' title="bbox 185 748 2075 804; baseline 0.006 -13"><span class='ocrx_word' id='word_1_29' title='bbox 185 749 350 792; x_wconf 88' lang='lat' dir='ltr'>Datum</span> <span class='ocrx_word' id='word_1_30' title='bbox 380 750 495 804; x_wconf 84' lang='lat' dir='ltr'>apud</span> <span class='ocrx_word' id='word_1_31' title='bbox 524 748 731 791; x_wconf 80' lang='lat' dir='ltr'>MARGAN</span> <span class='ocrx_word' id='word_1_32' title='bbox 761 749 807 791; x_wconf 86' lang='lat' dir='ltr'>in</span> <span class='ocrx_word' id='word_1_33' title='bbox 837 749 947 792; x_wconf 80' lang='lat' dir='ltr'>festo</span> <span class='ocrx_word' id='word_1_34' title='bbox 967 750 1081 793; x_wconf 86' lang='lat' dir='ltr'>beati</span> <span class='ocrx_word' id='word_1_35' title='bbox 1100 751 1131 795; x_wconf 89' lang='lat' dir='ltr'><strong>J</strong></span> <span class='ocrx_word' id='word_1_36' title='bbox 1133 766 1333 795; x_wconf 81' lang='lat' dir='ltr'><strong>OHANNIS</strong></span> <span class='ocrx_word' id='word_1_37' title='bbox 1353 753 1577 797; x_wconf 77' lang='lat' dir='ltr'>BAPTISTE</span> <span class='ocrx_word' id='word_1_38' title='bbox 1608 771 1720 799; x_wconf 87' lang='lat' dir='ltr'>anno</span> <span class='ocrx_word' id='word_1_39' title='bbox 1741 757 1918 800; x_wconf 79' lang='lat' dir='ltr'>Domini</span> <span class='ocrx_word' id='word_1_40' title='bbox 1937 759 2075 802; x_wconf 89' lang='lat' dir='ltr'>mille-</span> 
     </span>
     <span class='ocr_line' id='line_1_6' title="bbox 128 840 921 895; baseline -0.001 -12"><span class='ocrx_word' id='word_1_41' title='bbox 128 840 234 883; x_wconf 82' lang='lat' dir='ltr'>simo</span> <span class='ocrx_word' id='word_1_42' title='bbox 256 846 380 882; x_wconf 73' lang='lat' dir='ltr'>cccm0·</span> <span class='ocrx_word' id='word_1_43' title='bbox 411 840 734 895; x_wconf 83' lang='lat' dir='ltr'>quadragesimo</span> <span class='ocrx_word' id='word_1_44' title='bbox 756 844 921 895; x_wconf 88' lang='lat' dir='ltr'>quarto.</span> 
     </span>
    </p>

    <p class='ocr_par' dir='ltr' id='par_1_4' title="bbox 187 930 854 986">
     <span class='ocr_line' id='line_1_7' title="bbox 187 930 854 986; baseline 0 -13"><span class='ocrx_word' id='word_1_45' title='bbox 187 931 326 973; x_wconf 80' lang='lat' dir='ltr'>Three</span> <span class='ocrx_word' id='word_1_46' title='bbox 348 930 466 972; x_wconf 84' lang='lat' dir='ltr'>seals.</span> <span class='ocrx_word' id='word_1_47' title='bbox 530 931 552 972; x_wconf 88' lang='lat' dir='ltr'>l</span> <span class='ocrx_word' id='word_1_48' title='bbox 577 931 663 972; x_wconf 84' lang='lat' dir='ltr'>and</span> <span class='ocrx_word' id='word_1_49' title='bbox 683 931 708 972; x_wconf 84' lang='lat'><strong>3</strong></span> <span class='ocrx_word' id='word_1_50' title='bbox 731 946 854 986; x_wconf 88' lang='lat' dir='ltr'>gone.</span> 
     </span>
    </p>

    <p class='ocr_par' dir='ltr' id='par_1_5' title="bbox 129 1021 2075 1171">
     <span class='ocr_line' id='line_1_8' title="bbox 186 1021 2075 1085; baseline 0.005 -22"><span class='ocrx_word' id='word_1_51' title='bbox 186 1023 226 1064; x_wconf 84' lang='lat'>2.</span> <span class='ocrx_word' id='word_1_52' title='bbox 291 1021 386 1063; x_wconf 85' lang='lat' dir='ltr'>Red</span> <span class='ocrx_word' id='word_1_53' title='bbox 418 1036 526 1074; x_wconf 78' lang='lat' dir='ltr'>wax,</span> <span class='ocrx_word' id='word_1_54' title='bbox 563 1021 650 1076; x_wconf 48' lang='lat' dir='ltr'>gin.</span> <span class='ocrx_word' id='word_1_55' title='bbox 690 1021 817 1064; x_wconf 87' lang='lat' dir='ltr'>diam.</span> <span class='ocrx_word' id='word_1_56' title='bbox 890 1022 935 1065; x_wconf 91' lang='lat' dir='ltr'>A</span> <span class='ocrx_word' id='word_1_57' title='bbox 971 1022 1108 1066; x_wconf 86' lang='lat' dir='ltr'>shield</span> <span class='ocrx_word' id='word_1_58' title='bbox 1140 1024 1186 1067; x_wconf 79' lang='lat' dir='ltr'>of</span> <span class='ocrx_word' id='word_1_59' title='bbox 1216 1040 1351 1068; x_wconf 84' lang='lat' dir='ltr'>arms:</span> <span class='ocrx_word' id='word_1_60' title='bbox 1384 1042 1409 1068; x_wconf 87' lang='lat' dir='ltr'>a</span> <span class='ocrx_word' id='word_1_61' title='bbox 1439 1026 1583 1069; x_wconf 86' lang='lat' dir='ltr'>saltire</span> <span class='ocrx_word' id='word_1_62' title='bbox 1611 1026 1747 1070; x_wconf 86' lang='lat' dir='ltr'><strong>below</strong></span> <span class='ocrx_word' id='word_1_63' title='bbox 1775 1028 1873 1072; x_wconf 78' lang='lat' dir='ltr'>four</span> <span class='ocrx_word' id='word_1_64' title='bbox 1902 1028 2075 1085; x_wconf 81' lang='lat' dir='ltr'>pheons.</span> 
     </span>
     <span class='ocr_line' id='line_1_9' title="bbox 129 1112 1742 1171; baseline 0.003 -15"><span class='ocrx_word' id='word_1_65' title='bbox 129 1113 332 1156; x_wconf 75' lang='lat' dir='ltr'>Between</span> <span class='ocrx_word' id='word_1_66' title='bbox 352 1115 437 1155; x_wconf 90' lang='lat' dir='ltr'>two</span> <span class='ocrx_word' id='word_1_67' title='bbox 459 1127 663 1167; x_wconf 87' lang='lat' dir='ltr'>wyverns.</span> <span class='ocrx_word' id='word_1_68' title='bbox 727 1112 818 1154; x_wconf 86' lang='lat' dir='ltr'>The</span> <span class='ocrx_word' id='word_1_69' title='bbox 839 1114 970 1170; x_wconf 88' lang='lat' dir='ltr'>guige</span> <span class='ocrx_word' id='word_1_70' title='bbox 992 1129 1038 1156; x_wconf 89' lang='lat' dir='ltr'>or</span> <span class='ocrx_word' id='word_1_71' title='bbox 1059 1119 1174 1171; x_wconf 85' lang='lat' dir='ltr'>strap</span> <span class='ocrx_word' id='word_1_72' title='bbox 1195 1115 1241 1158; x_wconf 80' lang='lat' dir='ltr'>of</span> <span class='ocrx_word' id='word_1_73' title='bbox 1271 1116 1343 1159; x_wconf 89' lang='lat' dir='ltr'>the</span> <span class='ocrx_word' id='word_1_74' title='bbox 1364 1117 1501 1160; x_wconf 80' lang='lat' dir='ltr'>shield.</span> <span class='ocrx_word' id='word_1_75' title='bbox 1520 1118 1557 1160; x_wconf 90' lang='lat' dir='ltr'>is</span> <span class='ocrx_word' id='word_1_76' title='bbox 1577 1132 1676 1161; x_wconf 86' lang='lat' dir='ltr'>over</span> <span class='ocrx_word' id='word_1_77' title='bbox 1695 1118 1742 1161; x_wconf 82' lang='lat' dir='ltr'>it.</span> 
     </span>
    </p>
   </div>
   <div class='ocr_carea' id='block_1_3' title="bbox 185 1203 1344 1350">
    <p class='ocr_par' dir='ltr' id='par_1_6' title="bbox 185 1203 1344 1350">
     <span class='ocr_line' id='line_1_10' title="bbox 187 1203 1076 1259; baseline 0.002 -14"><span class='ocrx_word' id='word_1_78' title='bbox 187 1203 439 1259; x_wconf 84' lang='lat' dir='ltr'>Legend—‘</span> <span class='ocrx_word' id='word_1_79' title='bbox 463 1210 505 1252; x_wconf 66' lang='lat'>4—</span> <span class='ocrx_word' id='word_1_80' title='bbox 534 1203 568 1245; x_wconf 90' lang='lat' dir='ltr'>s&#39;</span> <span class='ocrx_word' id='word_1_81' title='bbox 593 1237 601 1245; x_wconf 92' lang='lat'><strong><em>.</em></strong></span> <span class='ocrx_word' id='word_1_82' title='bbox 626 1218 846 1246; x_wconf 72' lang='lat' dir='ltr'>IOHANNIS</span> <span class='ocrx_word' id='word_1_83' title='bbox 867 1239 874 1246; x_wconf 92' lang='lat'><em>.</em></span> <span class='ocrx_word' id='word_1_84' title='bbox 904 1205 1076 1247; x_wconf 75' lang='lat' dir='ltr'>LOVEL.&#39;</span> 
     </span>
     <span class='ocr_line' id='line_1_11' title="bbox 185 1293 1344 1350; baseline 0.003 -14"><span class='ocrx_word' id='word_1_85' title='bbox 185 1294 484 1336; x_wconf 86' lang='lat' dir='ltr'>Endorsed—‘</span> <span class='ocrx_word' id='word_1_86' title='bbox 502 1293 671 1336; x_wconf 76' lang='lat' dir='ltr'>Littera</span> <span class='ocrx_word' id='word_1_87' title='bbox 692 1295 919 1350; x_wconf 68' lang='lat' dir='ltr'>acquietat’</span> <span class='ocrx_word' id='word_1_88' title='bbox 943 1295 1156 1339; x_wconf 87' lang='lat' dir='ltr'>Willelmi</span> <span class='ocrx_word' id='word_1_89' title='bbox 1177 1297 1344 1340; x_wconf 61' lang='lat' dir='ltr'>Marle!</span> 
     </span>
    </p>
   </div>
   <div class='ocr_carea' id='block_1_4' title="bbox 925 1604 1295 1649">
    <p class='ocr_par' dir='ltr' id='par_1_7' title="bbox 925 1604 1295 1649">
     <span class='ocr_line' id='line_1_12' title="bbox 925 1604 1295 1649; baseline 0.005 -3"><span class='ocrx_word' id='word_1_90' title='bbox 925 1604 1295 1649; x_wconf 82' lang='lat' dir='ltr'>DCGCCXOHI.</span> 
     </span>
    </p>
   </div>
   <div class='ocr_carea' id='block_1_5' title="bbox 134 1709 2086 1851">
    <p class='ocr_par' dir='ltr' id='par_1_8' title="bbox 134 1709 2086 1851">
     <span class='ocr_line' id='line_1_13' title="bbox 134 1709 2086 1761; baseline 0.004 -7"><span class='ocrx_word' id='word_1_91' title='bbox 134 1710 348 1754; x_wconf 73' lang='lat' dir='ltr'><strong>GRANT</strong></span> <span class='ocrx_word' id='word_1_92' title='bbox 389 1709 474 1753; x_wconf 84' lang='lat' dir='ltr'>BY</span> <span class='ocrx_word' id='word_1_93' title='bbox 516 1710 686 1754; x_wconf 86' lang='lat' dir='ltr'>JOHN</span> <span class='ocrx_word' id='word_1_94' title='bbox 733 1711 818 1754; x_wconf 84' lang='lat' dir='ltr'>DE</span> <span class='ocrx_word' id='word_1_95' title='bbox 872 1712 1227 1756; x_wconf 80' lang='lat' dir='ltr'><strong>PENNARTH</strong></span> <span class='ocrx_word' id='word_1_96' title='bbox 1279 1714 1358 1756; x_wconf 82' lang='lat' dir='ltr'>OF</span> <span class='ocrx_word' id='word_1_97' title='bbox 1409 1715 1685 1759; x_wconf 76' lang='lat' dir='ltr'><strong>OARDIFF</strong></span> <span class='ocrx_word' id='word_1_98' title='bbox 1726 1716 1804 1759; x_wconf 80' lang='lat' dir='ltr'>OF</span> <span class='ocrx_word' id='word_1_99' title='bbox 1842 1717 1888 1760; x_wconf 91' lang='lat' dir='ltr'>A</span> <span class='ocrx_word' id='word_1_100' title='bbox 1931 1717 2086 1761; x_wconf 81' lang='lat' dir='ltr'>BUR-</span> 
     </span>
     <span class='ocr_line' id='line_1_14' title="bbox 295 1801 1906 1851; baseline 0.005 -8"><span class='ocrx_word' id='word_1_101' title='bbox 295 1801 464 1844; x_wconf 75' lang='lat' dir='ltr'>GAGE</span> <span class='ocrx_word' id='word_1_102' title='bbox 506 1801 579 1844; x_wconf 89' lang='lat' dir='ltr'>IN</span> <span class='ocrx_word' id='word_1_103' title='bbox 621 1801 898 1845; x_wconf 79' lang='lat' dir='ltr'><strong>OARDIFF</strong></span> <span class='ocrx_word' id='word_1_104' title='bbox 940 1803 1016 1846; x_wconf 85' lang='grc' dir='ltr'>ΤΟ</span> <span class='ocrx_word' id='word_1_105' title='bbox 1058 1803 1377 1848; x_wconf 82' lang='lat' dir='ltr'><strong>NICHOLAS</strong></span> <span class='ocrx_word' id='word_1_106' title='bbox 1415 1805 1500 1848; x_wconf 89' lang='lat' dir='ltr'>DE</span> <span class='ocrx_word' id='word_1_107' title='bbox 1541 1806 1906 1851; x_wconf 79' lang='lat' dir='ltr'><strong>PENNARTH.</strong></span> 
     </span>
    </p>
   </div>
   <div class='ocr_carea' id='block_1_6' title="bbox 945 1911 2023 2059">
    <p class='ocr_par' dir='ltr' id='par_1_9' title="bbox 945 1911 2023 2059">
     <span class='ocr_line' id='line_1_15' title="bbox 945 1911 1266 1970; baseline 0.006 -16"><span class='ocrx_word' id='word_1_108' title='bbox 945 1911 1125 1968; x_wconf 79' lang='lat' dir='ltr'>[CARNE</span> <span class='ocrx_word' id='word_1_109' title='bbox 1146 1912 1266 1970; x_wconf 61' lang='lat' dir='ltr'>MS]</span> 
     </span>
     <span class='ocr_line' id='line_1_16' title="bbox 1048 2011 2023 2059; baseline 0.004 -5"><span class='ocrx_word' id='word_1_110' title='bbox 1048 2011 1118 2054; x_wconf 82' lang='lat' dir='ltr'>ST.</span> <span class='ocrx_word' id='word_1_111' title='bbox 1152 2012 1377 2056; x_wconf 79' lang='lat' dir='ltr'>GEORGE&#39;S</span> <span class='ocrx_word' id='word_1_112' title='bbox 1408 2013 1523 2057; x_wconf 81' lang='lat' dir='ltr'><strong>DAY.</strong></span> <span class='ocrx_word' id='word_1_113' title='bbox 1585 2016 1640 2057; x_wconf 82' lang='lat'>23</span> <span class='ocrx_word' id='word_1_114' title='bbox 1671 2015 1834 2058; x_wconf 76' lang='lat' dir='ltr'>APRIL.</span> <span class='ocrx_word' id='word_1_115' title='bbox 1899 2016 2023 2059; x_wconf 86' lang='lat'>1345.</span> 
     </span>
    </p>
   </div>
   <div class='ocr_carea' id='block_1_7' title="bbox 125 2117 2089 2996">
    <p class='ocr_par' dir='ltr' id='par_1_10' title="bbox 125 2117 2089 2996">
     <span class='ocr_line' id='line_1_17' title="bbox 189 2117 2084 2176; baseline 0.004 -17"><span class='ocrx_word' id='word_1_116' title='bbox 189 2117 335 2160; x_wconf 77' lang='lat' dir='ltr'>Sciant</span> <span class='ocrx_word' id='word_1_117' title='bbox 367 2122 582 2173; x_wconf 80' lang='lat' dir='ltr'>presentes</span> <span class='ocrx_word' id='word_1_118' title='bbox 618 2123 660 2160; x_wconf 87' lang='lat' dir='ltr'>et</span> <span class='ocrx_word' id='word_1_119' title='bbox 692 2118 830 2160; x_wconf 82' lang='lat' dir='ltr'>futuri</span> <span class='ocrx_word' id='word_1_120' title='bbox 867 2121 980 2174; x_wconf 81' lang='lat' dir='ltr'>quod</span> <span class='ocrx_word' id='word_1_121' title='bbox 1013 2135 1092 2176; x_wconf 85' lang='lat' dir='ltr'>ego</span> <span class='ocrx_word' id='word_1_122' title='bbox 1128 2120 1370 2163; x_wconf 82' lang='lat' dir='ltr'><strong>JOHANNES</strong></span> <span class='ocrx_word' id='word_1_123' title='bbox 1403 2123 1455 2164; x_wconf 92' lang='lat' dir='ltr'>de</span> <span class='ocrx_word' id='word_1_124' title='bbox 1491 2122 1747 2165; x_wconf 80' lang='lat' dir='ltr'>PENNARTH</span> <span class='ocrx_word' id='word_1_125' title='bbox 1781 2124 1833 2166; x_wconf 90' lang='lat' dir='ltr'>de</span> <span class='ocrx_word' id='word_1_126' title='bbox 1868 2123 2084 2166; x_wconf 75' lang='lat' dir='ltr'><strong>KAERDIF</strong></span> 
     </span>
     <span class='ocr_line' id='line_1_18' title="bbox 131 2209 2079 2265; baseline 0.003 -14"><span class='ocrx_word' id='word_1_127' title='bbox 131 2210 270 2252; x_wconf 89' lang='lat' dir='ltr'>senior</span> <span class='ocrx_word' id='word_1_128' title='bbox 291 2209 389 2251; x_wconf 89' lang='lat' dir='ltr'>dedi</span> <span class='ocrx_word' id='word_1_129' title='bbox 420 2210 602 2251; x_wconf 78' lang='lat' dir='ltr'>concessi</span> <span class='ocrx_word' id='word_1_130' title='bbox 633 2213 675 2251; x_wconf 91' lang='lat' dir='ltr'>et</span> <span class='ocrx_word' id='word_1_131' title='bbox 707 2210 785 2251; x_wconf 85' lang='lat' dir='ltr'>hae</span> <span class='ocrx_word' id='word_1_132' title='bbox 818 2211 1003 2265; x_wconf 83' lang='lat' dir='ltr'>presenti</span> <span class='ocrx_word' id='word_1_133' title='bbox 1040 2214 1155 2253; x_wconf 82' lang='lat' dir='ltr'>carta</span> <span class='ocrx_word' id='word_1_134' title='bbox 1186 2227 1282 2254; x_wconf 87' lang='lat' dir='ltr'>mea</span> <span class='ocrx_word' id='word_1_135' title='bbox 1334 2213 1579 2255; x_wconf 82' lang='lat' dir='ltr'>confirmavi</span> <span class='ocrx_word' id='word_1_136' title='bbox 1617 2213 1805 2256; x_wconf 85' lang='lat' dir='ltr'>Domino</span> <span class='ocrx_word' id='word_1_137' title='bbox 1840 2214 2079 2258; x_wconf 75' lang='lat' dir='ltr'>NICHOLAO</span> 
     </span>
     <span class='ocr_line' id='line_1_19' title="bbox 128 2301 2081 2360; baseline 0.002 -17"><span class='ocrx_word' id='word_1_138' title='bbox 128 2302 182 2343; x_wconf 89' lang='lat' dir='ltr'>de</span> <span class='ocrx_word' id='word_1_139' title='bbox 217 2301 477 2342; x_wconf 62' lang='lat' dir='ltr'>memnm</span> <span class='ocrx_word' id='word_1_140' title='bbox 513 2301 731 2356; x_wconf 83' lang='lat' dir='ltr'>capellano</span> <span class='ocrx_word' id='word_1_141' title='bbox 764 2301 851 2343; x_wconf 88' lang='lat' dir='ltr'>filio</span> <span class='ocrx_word' id='word_1_142' title='bbox 884 2316 978 2343; x_wconf 90' lang='lat' dir='ltr'>meo</span> <span class='ocrx_word' id='word_1_143' title='bbox 1012 2301 1239 2344; x_wconf 87' lang='lat' dir='ltr'>dimidium</span> <span class='ocrx_word' id='word_1_144' title='bbox 1278 2302 1538 2359; x_wconf 83' lang='lat' dir='ltr'>burgagium</span> <span class='ocrx_word' id='word_1_145' title='bbox 1580 2304 1823 2347; x_wconf 78' lang='lat' dir='ltr'>edificatum</span> <span class='ocrx_word' id='word_1_146' title='bbox 1857 2304 2001 2360; x_wconf 78' lang='lat' dir='ltr'>jacens</span> <span class='ocrx_word' id='word_1_147' title='bbox 2034 2305 2081 2347; x_wconf 91' lang='lat' dir='ltr'>in</span> 
     </span>
     <span class='ocr_line' id='line_1_20' title="bbox 127 2391 2080 2461; baseline 0.002 -27"><span class='ocrx_word' id='word_1_148' title='bbox 127 2391 264 2448; x_wconf 85' lang='lat' dir='ltr'>burgo</span> <span class='ocrx_word' id='word_1_149' title='bbox 301 2393 353 2433; x_wconf 87' lang='lat' dir='ltr'>de</span> <span class='ocrx_word' id='word_1_150' title='bbox 386 2391 601 2433; x_wconf 78' lang='lat' dir='ltr'><strong>KAERDIF</strong></span> <span class='ocrx_word' id='word_1_151' title='bbox 636 2392 749 2434; x_wconf 87' lang='lat' dir='ltr'>inter</span> <span class='ocrx_word' id='word_1_152' title='bbox 784 2392 1045 2449; x_wconf 83' lang='lat' dir='ltr'>burgagium</span> <span class='ocrx_word' id='word_1_153' title='bbox 1081 2408 1223 2461; x_wconf 78' lang='lat' dir='ltr'>meum</span> <span class='ocrx_word' id='word_1_154' title='bbox 1263 2393 1309 2435; x_wconf 91' lang='lat' dir='ltr'>in</span> <span class='ocrx_word' id='word_1_155' title='bbox 1345 2397 1465 2449; x_wconf 86' lang='lat' dir='ltr'>parte</span> <span class='ocrx_word' id='word_1_156' title='bbox 1515 2396 1690 2437; x_wconf 84' lang='lat' dir='ltr'>australi</span> <span class='ocrx_word' id='word_1_157' title='bbox 1731 2398 1774 2438; x_wconf 91' lang='lat' dir='ltr'>et</span> <span class='ocrx_word' id='word_1_158' title='bbox 1821 2395 2080 2452; x_wconf 85' lang='lat' dir='ltr'>burgagium</span> 
     </span>
     <span class='ocr_line' id='line_1_21' title="bbox 129 2482 2080 2542; baseline 0.003 -17"><span class='ocrx_word' id='word_1_159' title='bbox 129 2483 233 2525; x_wconf 85' lang='lat' dir='ltr'>dieti</span> <span class='ocrx_word' id='word_1_160' title='bbox 263 2482 426 2525; x_wconf 88' lang='lat' dir='ltr'>domini</span> <span class='ocrx_word' id='word_1_161' title='bbox 453 2483 684 2525; x_wconf 80' lang='lat' dir='ltr'><strong>NICHOLAI</strong></span> <span class='ocrx_word' id='word_1_162' title='bbox 713 2483 758 2524; x_wconf 89' lang='lat' dir='ltr'>in</span> <span class='ocrx_word' id='word_1_163' title='bbox 772 2488 892 2539; x_wconf 84' lang='lat' dir='ltr'>parte</span> <span class='ocrx_word' id='word_1_164' title='bbox 919 2483 1081 2526; x_wconf 88' lang='lat' dir='ltr'>boriali.</span> <span class='ocrx_word' id='word_1_165' title='bbox 1149 2484 1210 2526; x_wconf 87' lang='lat' dir='ltr'>Et</span> <span class='ocrx_word' id='word_1_166' title='bbox 1233 2485 1426 2527; x_wconf 83' lang='lat' dir='ltr'>extendit</span> <span class='ocrx_word' id='word_1_167' title='bbox 1456 2500 1498 2527; x_wconf 85' lang='lat' dir='ltr'>se</span> <span class='ocrx_word' id='word_1_168' title='bbox 1526 2486 1571 2527; x_wconf 92' lang='lat' dir='ltr'>in</span> <span class='ocrx_word' id='word_1_169' title='bbox 1601 2486 1873 2542; x_wconf 86' lang='lat' dir='ltr'>longitudine</span> <span class='ocrx_word' id='word_1_170' title='bbox 1902 2502 1928 2529; x_wconf 93' lang='lat' dir='ltr'>a</span> <span class='ocrx_word' id='word_1_171' title='bbox 1957 2501 2080 2530; x_wconf 90' lang='lat' dir='ltr'>muro</span> 
     </span>
     <span class='ocr_line' id='line_1_22' title="bbox 128 2574 2089 2633; baseline 0.001 -15"><span class='ocrx_word' id='word_1_172' title='bbox 128 2575 292 2618; x_wconf 90' lang='lat' dir='ltr'>domini</span> <span class='ocrx_word' id='word_1_173' title='bbox 323 2574 488 2617; x_wconf 86' lang='lat' dir='ltr'>abbatis</span> <span class='ocrx_word' id='word_1_174' title='bbox 518 2577 560 2616; x_wconf 93' lang='lat' dir='ltr'>et</span> <span class='ocrx_word' id='word_1_175' title='bbox 591 2579 824 2616; x_wconf 80' lang='lat' dir='ltr'>conventus</span> <span class='ocrx_word' id='word_1_176' title='bbox 853 2576 906 2617; x_wconf 87' lang='lat' dir='ltr'>de</span> <span class='ocrx_word' id='word_1_177' title='bbox 947 2574 1288 2618; x_wconf 78' lang='lat' dir='ltr'>THEOKESBURY</span> <span class='ocrx_word' id='word_1_178' title='bbox 1318 2591 1371 2618; x_wconf 83' lang='lat' dir='ltr'>ex</span> <span class='ocrx_word' id='word_1_179' title='bbox 1410 2580 1530 2632; x_wconf 85' lang='lat' dir='ltr'>parte</span> <span class='ocrx_word' id='word_1_180' title='bbox 1571 2577 1820 2619; x_wconf 79' lang='lat' dir='ltr'>occidentali</span> <span class='ocrx_word' id='word_1_181' title='bbox 1860 2593 1992 2633; x_wconf 87' lang='lat' dir='ltr'>usque</span> <span class='ocrx_word' id='word_1_182' title='bbox 2031 2579 2089 2621; x_wconf 87' lang='lat' dir='ltr'>ad</span> 
     </span>
     <span class='ocr_line' id='line_1_23' title="bbox 126 2666 2077 2723; baseline 0.001 -14"><span class='ocrx_word' id='word_1_183' title='bbox 126 2667 242 2709; x_wconf 86' lang='lat' dir='ltr'>viam</span> <span class='ocrx_word' id='word_1_184' title='bbox 271 2666 435 2722; x_wconf 86' lang='lat' dir='ltr'>regiam</span> <span class='ocrx_word' id='word_1_185' title='bbox 465 2681 518 2707; x_wconf 84' lang='lat' dir='ltr'>ex</span> <span class='ocrx_word' id='word_1_186' title='bbox 547 2670 668 2722; x_wconf 88' lang='lat' dir='ltr'>parte</span> <span class='ocrx_word' id='word_1_187' title='bbox 699 2666 907 2708; x_wconf 88' lang='lat' dir='ltr'>orientali.</span> <span class='ocrx_word' id='word_1_188' title='bbox 971 2666 1236 2709; x_wconf 89' lang='lat' dir='ltr'>Habendum</span> <span class='ocrx_word' id='word_1_189' title='bbox 1267 2670 1310 2709; x_wconf 91' lang='lat' dir='ltr'>et</span> <span class='ocrx_word' id='word_1_190' title='bbox 1338 2668 1573 2710; x_wconf 88' lang='lat' dir='ltr'>tenendum</span> <span class='ocrx_word' id='word_1_191' title='bbox 1591 2668 1830 2723; x_wconf 78' lang='lat' dir='ltr'>predictum</span> <span class='ocrx_word' id='word_1_192' title='bbox 1850 2668 2077 2712; x_wconf 82' lang='lat' dir='ltr'>dimidium</span> 
     </span>
     <span class='ocr_line' id='line_1_24' title="bbox 125 2758 2078 2814; baseline 0.001 -14"><span class='ocrx_word' id='word_1_193' title='bbox 125 2758 387 2814; x_wconf 84' lang='lat' dir='ltr'>burgagium</span> <span class='ocrx_word' id='word_1_194' title='bbox 408 2773 504 2800; x_wconf 85' lang='lat' dir='ltr'>cum</span> <span class='ocrx_word' id='word_1_195' title='bbox 526 2758 612 2800; x_wconf 89' lang='lat' dir='ltr'>suis</span> <span class='ocrx_word' id='word_1_196' title='bbox 632 2758 902 2813; x_wconf 83' lang='lat' dir='ltr'>pertinentiis</span> <span class='ocrx_word' id='word_1_197' title='bbox 930 2758 1098 2814; x_wconf 77' lang='lat' dir='ltr'>prefato</span> <span class='ocrx_word' id='word_1_198' title='bbox 1131 2758 1316 2800; x_wconf 86' lang='lat' dir='ltr'>Domino</span> <span class='ocrx_word' id='word_1_199' title='bbox 1338 2758 1576 2801; x_wconf 83' lang='lat' dir='ltr'><strong>NICHOLAO</strong></span> <span class='ocrx_word' id='word_1_200' title='bbox 1597 2761 1640 2801; x_wconf 92' lang='lat' dir='ltr'>et</span> <span class='ocrx_word' id='word_1_201' title='bbox 1659 2758 1884 2801; x_wconf 88' lang='lat' dir='ltr'>heredibus</span> <span class='ocrx_word' id='word_1_202' title='bbox 1904 2760 1989 2802; x_wconf 86' lang='lat' dir='ltr'>suis</span> <span class='ocrx_word' id='word_1_203' title='bbox 2009 2760 2078 2802; x_wconf 89' lang='lat' dir='ltr'>vel</span> 
     </span>
     <span class='ocr_line' id='line_1_25' title="bbox 126 2849 2078 2906; baseline 0 -14"><span class='ocrx_word' id='word_1_204' title='bbox 126 2849 355 2906; x_wconf 84' lang='lat' dir='ltr'>assignatis</span> <span class='ocrx_word' id='word_1_205' title='bbox 388 2850 441 2891; x_wconf 88' lang='lat' dir='ltr'>de</span> <span class='ocrx_word' id='word_1_206' title='bbox 474 2849 646 2904; x_wconf 79' lang='lat' dir='ltr'>capitali</span> <span class='ocrx_word' id='word_1_207' title='bbox 681 2849 854 2891; x_wconf 91' lang='lat' dir='ltr'>domino</span> <span class='ocrx_word' id='word_1_208' title='bbox 887 2849 1003 2891; x_wconf 88' lang='lat' dir='ltr'>feodi</span> <span class='ocrx_word' id='word_1_209' title='bbox 1038 2849 1156 2891; x_wconf 83' lang='lat' dir='ltr'>illius</span> <span class='ocrx_word' id='word_1_210' title='bbox 1187 2864 1262 2905; x_wconf 91' lang='lat' dir='ltr'>per</span> <span class='ocrx_word' id='word_1_211' title='bbox 1297 2850 1489 2892; x_wconf 87' lang='lat' dir='ltr'>redditus</span> <span class='ocrx_word' id='word_1_212' title='bbox 1525 2853 1567 2892; x_wconf 90' lang='lat' dir='ltr'>et</span> <span class='ocrx_word' id='word_1_213' title='bbox 1599 2850 1773 2892; x_wconf 82' lang='lat' dir='ltr'>servicia</span> <span class='ocrx_word' id='word_1_214' title='bbox 1801 2850 1901 2892; x_wconf 90' lang='lat' dir='ltr'>inde</span> <span class='ocrx_word' id='word_1_215' title='bbox 1933 2850 2078 2893; x_wconf 86' lang='lat' dir='ltr'>debita</span> 
     </span>
     <span class='ocr_line' id='line_1_26' title="bbox 125 2939 2075 2996; baseline 0 -13"><span class='ocrx_word' id='word_1_216' title='bbox 125 2943 169 2983; x_wconf 83' lang='lat' dir='ltr'>et</span> <span class='ocrx_word' id='word_1_217' title='bbox 201 2944 401 2983; x_wconf 83' lang='lat' dir='ltr'>consueta</span> <span class='ocrx_word' id='word_1_218' title='bbox 436 2939 566 2982; x_wconf 88' lang='lat' dir='ltr'>libere</span> <span class='ocrx_word' id='word_1_219' title='bbox 602 2939 744 2995; x_wconf 87' lang='lat' dir='ltr'>quiete</span> <span class='ocrx_word' id='word_1_220' title='bbox 779 2939 886 2982; x_wconf 90' lang='lat' dir='ltr'>bene</span> <span class='ocrx_word' id='word_1_221' title='bbox 919 2942 961 2981; x_wconf 87' lang='lat' dir='ltr'>et</span> <span class='ocrx_word' id='word_1_222' title='bbox 992 2940 1039 2981; x_wconf 91' lang='lat' dir='ltr'>in</span> <span class='ocrx_word' id='word_1_223' title='bbox 1072 2955 1174 2995; x_wconf 87' lang='lat' dir='ltr'>paee</span> <span class='ocrx_word' id='word_1_224' title='bbox 1213 2939 1308 2996; x_wconf 83' lang='lat' dir='ltr'>jure</span> <span class='ocrx_word' id='word_1_225' title='bbox 1341 2940 1596 2982; x_wconf 82' lang='lat' dir='ltr'>hereditario</span> <span class='ocrx_word' id='word_1_226' title='bbox 1627 2941 1953 2996; x_wconf 91' lang='lat' dir='ltr'>imperpetuum.</span> <span class='ocrx_word' id='word_1_227' title='bbox 2013 2941 2075 2984; x_wconf 79' lang='lat' dir='ltr'>Et</span> 
     </span>
    </p>
   </div>
   <div class='ocr_carea' id='block_1_8' title="bbox 125 3030 2078 3088">
    <p class='ocr_par' dir='ltr' id='par_1_11' title="bbox 125 3030 2078 3088">
     <span class='ocr_line' id='line_1_27' title="bbox 125 3030 2078 3088; baseline 0.001 -14"><span class='ocrx_word' id='word_1_228' title='bbox 125 3046 206 3088; x_wconf 87' lang='lat' dir='ltr'>ego</span> <span class='ocrx_word' id='word_1_229' title='bbox 254 3046 353 3073; x_wconf 87' lang='lat' dir='ltr'>vero</span> <span class='ocrx_word' id='word_1_230' title='bbox 402 3031 617 3086; x_wconf 85' lang='lat' dir='ltr'>predictus</span> <span class='ocrx_word' id='word_1_231' title='bbox 665 3030 695 3072; x_wconf 89' lang='lat' dir='ltr'><strong>J</strong></span> <span class='ocrx_word' id='word_1_232' title='bbox 697 3044 907 3072; x_wconf 81' lang='lat' dir='ltr'>OHANNES</span> <span class='ocrx_word' id='word_1_233' title='bbox 956 3031 1184 3073; x_wconf 78' lang='lat' dir='ltr'>dimidium</span> <span class='ocrx_word' id='word_1_234' title='bbox 1229 3031 1489 3088; x_wconf 86' lang='lat' dir='ltr'>burgagium</span> <span class='ocrx_word' id='word_1_235' title='bbox 1530 3046 1627 3075; x_wconf 85' lang='lat' dir='ltr'>eum</span> <span class='ocrx_word' id='word_1_236' title='bbox 1674 3031 1761 3074; x_wconf 88' lang='lat' dir='ltr'>suis</span> <span class='ocrx_word' id='word_1_237' title='bbox 1807 3032 2078 3088; x_wconf 86' lang='lat' dir='ltr'>pertinentiis</span> 
     </span>
    </p>
   </div>
  </div>
 </body>
</html>
