<?xml version="1.0" encoding="UTF-8"?>
<!DOCTYPE html PUBLIC "-//W3C//DTD XHTML 1.0 Transitional//EN"
    "http://www.w3.org/TR/xhtml1/DTD/xhtml1-transitional.dtd">
<html xmlns="http://www.w3.org/1999/xhtml" xml:lang="en" lang="en">
 <head>
  <title>
</title>
<meta http-equiv="Content-Type" content="text/html;charset=utf-8" />
  <meta name='ocr-system' content='tesseract 3.04.00' />
  <meta name='ocr-capabilities' content='ocr_page ocr_carea ocr_par ocr_line ocrx_word'/>
</head>
<body>
  <div class='ocr_page' id='page_1' title='image "./cartaeetaliamuni04claruoft_0118.png"; bbox 0 0 2386 3645; ppageno 0'>
   <div class='ocr_carea' id='block_1_1' title="bbox 289 272 399 317">
    <p class='ocr_par' dir='ltr' id='par_1_1' title="bbox 289 272 399 317">
     <span class='ocr_line' id='line_1_1' title="bbox 289 272 399 317; baseline -0.018 0"><span class='ocrx_word' id='word_1_1' title='bbox 289 272 399 317; x_wconf 82' lang='lat'>1262</span> 
     </span>
    </p>
   </div>
   <div class='ocr_carea' id='block_1_2' title="bbox 285 479 2171 540">
    <p class='ocr_par' dir='ltr' id='par_1_2' title="bbox 285 479 2171 540">
     <span class='ocr_line' id='line_1_2' title="bbox 285 479 2171 540; baseline 0.003 -19"><span class='ocrx_word' id='word_1_2' title='bbox 285 479 452 521; x_wconf 84' lang='lat' dir='ltr'><strong>Datum</strong></span> <span class='ocrx_word' id='word_1_3' title='bbox 484 481 599 536; x_wconf 88' lang='lat' dir='ltr'><strong>apud</strong></span> <span class='ocrx_word' id='word_1_4' title='bbox 631 480 846 523; x_wconf 76' lang='lat' dir='ltr'><strong>KAERDIF</strong></span> <span class='ocrx_word' id='word_1_5' title='bbox 882 482 1164 525; x_wconf 83' lang='lat' dir='ltr'><strong>sextodecimo</strong></span> <span class='ocrx_word' id='word_1_6' title='bbox 1196 482 1265 525; x_wconf 87' lang='lat' dir='ltr'><strong>die</strong></span> <span class='ocrx_word' id='word_1_7' title='bbox 1299 483 1455 525; x_wconf 81' lang='lat' dir='ltr'>mensis</span> <span class='ocrx_word' id='word_1_8' title='bbox 1482 482 1706 526; x_wconf 76' lang='lat' dir='ltr'><strong>Februarii</strong></span> <span class='ocrx_word' id='word_1_9' title='bbox 1735 498 1847 526; x_wconf 87' lang='lat' dir='ltr'><strong>anno</strong></span> <span class='ocrx_word' id='word_1_10' title='bbox 1878 483 2002 539; x_wconf 88' lang='lat' dir='ltr'><strong>regni</strong></span> <span class='ocrx_word' id='word_1_11' title='bbox 2035 483 2171 540; x_wconf 76' lang='lat' dir='ltr'><strong>Regis</strong></span> 
     </span>
    </p>
   </div>
   <div class='ocr_carea' id='block_1_3' title="bbox 226 568 1363 703">
    <p class='ocr_par' dir='ltr' id='par_1_3' title="bbox 226 568 1363 703">
     <span class='ocr_line' id='line_1_3' title="bbox 226 568 1363 627; baseline 0.004 -16"><span class='ocrx_word' id='word_1_12' title='bbox 226 568 454 612; x_wconf 71' lang='lat' dir='ltr'><strong>EnwARm</strong></span> <span class='ocrx_word' id='word_1_13' title='bbox 474 571 591 613; x_wconf 90' lang='lat' dir='ltr'><strong>tertii</strong></span> <span class='ocrx_word' id='word_1_14' title='bbox 609 574 704 627; x_wconf 83' lang='lat' dir='ltr'><strong>post</strong></span> <span class='ocrx_word' id='word_1_15' title='bbox 725 575 1001 627; x_wconf 89' lang='lat' dir='ltr'><strong>conquestum</strong></span> <span class='ocrx_word' id='word_1_16' title='bbox 1021 573 1183 616; x_wconf 86' lang='lat' dir='ltr'><strong>decimo</strong></span> <span class='ocrx_word' id='word_1_17' title='bbox 1204 576 1363 616; x_wconf 80' lang='lat' dir='ltr'><strong>octavo.</strong></span> 
     </span>
     <span class='ocr_line' id='line_1_4' title="bbox 282 658 472 703; baseline 0 -1"><span class='ocrx_word' id='word_1_18' title='bbox 282 658 354 702; x_wconf 92' lang='lat' dir='ltr'><strong>No</strong></span> <span class='ocrx_word' id='word_1_19' title='bbox 375 660 472 703; x_wconf 87' lang='lat' dir='ltr'><strong>seal.</strong></span> 
     </span>
    </p>
   </div>
   <div class='ocr_carea' id='block_1_4' title="bbox 282 749 2170 811">
    <p class='ocr_par' dir='ltr' id='par_1_4' title="bbox 282 749 2170 811">
     <span class='ocr_line' id='line_1_5' title="bbox 282 749 2170 811; baseline 0.003 -19"><span class='ocrx_word' id='word_1_20' title='bbox 282 749 576 794; x_wconf 86' lang='lat' dir='ltr'><strong>Endorsed—‘</strong></span> <span class='ocrx_word' id='word_1_21' title='bbox 592 751 683 794; x_wconf 82' lang='lat' dir='ltr'><strong>The</strong></span> <span class='ocrx_word' id='word_1_22' title='bbox 719 756 846 809; x_wconf 87' lang='lat' dir='ltr'><strong>grant</strong></span> <span class='ocrx_word' id='word_1_23' title='bbox 879 752 925 796; x_wconf 80' lang='lat' dir='ltr'><strong>of</strong></span> <span class='ocrx_word' id='word_1_24' title='bbox 964 769 989 796; x_wconf 90' lang='lat' dir='ltr'><strong>a</strong></span> <span class='ocrx_word' id='word_1_25' title='bbox 1023 769 1186 796; x_wconf 84' lang='lat' dir='ltr'><strong>warren</strong></span> <span class='ocrx_word' id='word_1_26' title='bbox 1222 769 1268 797; x_wconf 91' lang='lat' dir='ltr'><strong>or</strong></span> <span class='ocrx_word' id='word_1_27' title='bbox 1303 755 1512 811; x_wconf 85' lang='lat' dir='ltr'><strong>connigry</strong></span> <span class='ocrx_word' id='word_1_28' title='bbox 1552 758 1596 797; x_wconf 88' lang='lat' dir='ltr'><strong>to</strong></span> <span class='ocrx_word' id='word_1_29' title='bbox 1628 755 1680 797; x_wconf 89' lang='lat' dir='ltr'><strong>be</strong></span> <span class='ocrx_word' id='word_1_30' title='bbox 1711 754 1890 798; x_wconf 80' lang='lat' dir='ltr'><strong>betwixt</strong></span> <span class='ocrx_word' id='word_1_31' title='bbox 1924 755 2053 798; x_wconf 83' lang='lat' dir='ltr'><strong>Avan</strong></span> <span class='ocrx_word' id='word_1_32' title='bbox 2082 756 2170 798; x_wconf 85' lang='lat' dir='ltr'><strong>and</strong></span> 
     </span>
    </p>
   </div>
   <div class='ocr_carea' id='block_1_5' title="bbox 223 839 847 900">
    <p class='ocr_par' dir='ltr' id='par_1_5' title="bbox 223 839 847 900">
     <span class='ocr_line' id='line_1_6' title="bbox 223 839 847 900; baseline 0.005 -17"><span class='ocrx_word' id='word_1_33' title='bbox 223 839 401 898; x_wconf 81' lang='lat' dir='ltr'><strong>Kenfeg</strong></span> <span class='ocrx_word' id='word_1_34' title='bbox 420 857 536 900; x_wconf 89' lang='lat' dir='ltr'><strong>upon</strong></span> <span class='ocrx_word' id='word_1_35' title='bbox 556 842 629 885; x_wconf 89' lang='lat' dir='ltr'><strong>the</strong></span> <span class='ocrx_word' id='word_1_36' title='bbox 649 843 847 886; x_wconf 79' lang='lat' dir='ltr'><strong>borroes.’</strong></span> 
     </span>
    </p>
   </div>
   <div class='ocr_carea' id='block_1_6' title="bbox 1023 1230 1366 1274">
    <p class='ocr_par' dir='ltr' id='par_1_6' title="bbox 1023 1230 1366 1274">
     <span class='ocr_line' id='line_1_7' title="bbox 1023 1230 1366 1274; baseline 0.003 -1"><span class='ocrx_word' id='word_1_37' title='bbox 1023 1230 1366 1274; x_wconf 82' lang='lat' dir='ltr'><strong>DCOOOXOH.</strong></span> 
     </span>
    </p>
   </div>
   <div class='ocr_carea' id='block_1_7' title="bbox 220 1337 2170 1478">
    <p class='ocr_par' dir='ltr' id='par_1_7' title="bbox 220 1337 2170 1478">
     <span class='ocr_line' id='line_1_8' title="bbox 220 1337 2170 1388; baseline 0.002 -4"><span class='ocrx_word' id='word_1_38' title='bbox 220 1337 598 1385; x_wconf 79' lang='lat' dir='ltr'><strong>QUIT-OLAIM</strong></span> <span class='ocrx_word' id='word_1_39' title='bbox 668 1337 754 1380; x_wconf 87' lang='lat' dir='ltr'><strong>BY</strong></span> <span class='ocrx_word' id='word_1_40' title='bbox 823 1337 1117 1381; x_wconf 75' lang='lat' dir='ltr'>WILLIAM</span> <span class='ocrx_word' id='word_1_41' title='bbox 1177 1339 1263 1381; x_wconf 88' lang='lat' dir='ltr'><strong>DE</strong></span> <span class='ocrx_word' id='word_1_42' title='bbox 1334 1339 1556 1382; x_wconf 82' lang='lat' dir='ltr'><strong>MARLE</strong></span> <span class='ocrx_word' id='word_1_43' title='bbox 1615 1340 1693 1383; x_wconf 84' lang='lat' dir='ltr'><strong>OF</strong></span> <span class='ocrx_word' id='word_1_44' title='bbox 1745 1341 2033 1385; x_wconf 78' lang='lat' dir='ltr'><strong>PASTURE</strong></span> <span class='ocrx_word' id='word_1_45' title='bbox 2095 1343 2170 1388; x_wconf 89' lang='lat' dir='ltr'><strong>IN</strong></span> 
     </span>
     <span class='ocr_line' id='line_1_9' title="bbox 440 1428 1965 1478; baseline 0.004 -8"><span class='ocrx_word' id='word_1_46' title='bbox 440 1428 523 1470; x_wconf 80' lang='lat' dir='ltr'><strong>ST.</strong></span> <span class='ocrx_word' id='word_1_47' title='bbox 576 1428 915 1471; x_wconf 74' lang='lat' dir='ltr'><strong>MIGHAEL’S</strong></span> <span class='ocrx_word' id='word_1_48' title='bbox 967 1428 1227 1472; x_wconf 75' lang='lat' dir='ltr'><strong>GRANGE</strong></span> <span class='ocrx_word' id='word_1_49' title='bbox 1279 1430 1355 1473; x_wconf 81' lang='lat' dir='ltr'><strong>TO</strong></span> <span class='ocrx_word' id='word_1_50' title='bbox 1407 1431 1685 1474; x_wconf 74' lang='lat' dir='ltr'>MARGAM</span> <span class='ocrx_word' id='word_1_51' title='bbox 1735 1432 1965 1478; x_wconf 87' lang='lat' dir='ltr'><strong>ABBEY.</strong></span> 
     </span>
    </p>
   </div>
   <div class='ocr_carea' id='block_1_8' title="bbox 933 1545 2111 1605">
    <p class='ocr_par' dir='ltr' id='par_1_8' title="bbox 933 1545 2111 1605">
     <span class='ocr_line' id='line_1_10' title="bbox 933 1545 2111 1605; baseline 0.006 -18"><span class='ocrx_word' id='word_1_52' title='bbox 933 1545 1165 1602; x_wconf 80' lang='lat' dir='ltr'>[MARGAM</span> <span class='ocrx_word' id='word_1_53' title='bbox 1197 1545 1454 1605; x_wconf 81' lang='lat' dir='ltr'>CHARTER.]</span> <span class='ocrx_word' id='word_1_54' title='bbox 1620 1548 1922 1592; x_wconf 78' lang='lat' dir='ltr'><strong>MIDSUMMER.</strong></span> <span class='ocrx_word' id='word_1_55' title='bbox 1985 1552 2111 1595; x_wconf 84' lang='lat'>1344.</span> 
     </span>
    </p>
   </div>
   <div class='ocr_carea' id='block_1_9' title="bbox 215 1660 2172 2996">
    <p class='ocr_par' dir='ltr' id='par_1_9' title="bbox 216 1660 2171 1797">
     <span class='ocr_line' id='line_1_11' title="bbox 274 1660 2171 1722; baseline 0.004 -20"><span class='ocrx_word' id='word_1_56' title='bbox 274 1660 484 1703; x_wconf 88' lang='lat' dir='ltr'><strong>Omnibus</strong></span> <span class='ocrx_word' id='word_1_57' title='bbox 521 1660 708 1703; x_wconf 77' lang='lat' dir='ltr'><strong>OHmsTI</strong></span> <span class='ocrx_word' id='word_1_58' title='bbox 741 1661 937 1704; x_wconf 85' lang='lat' dir='ltr'><strong>fidelibus</strong></span> <span class='ocrx_word' id='word_1_59' title='bbox 969 1663 1024 1704; x_wconf 87' lang='lat' dir='ltr'><strong>ad</strong></span> <span class='ocrx_word' id='word_1_60' title='bbox 1056 1678 1238 1718; x_wconf 90' lang='lat' dir='ltr'><strong>quorum</strong></span> <span class='ocrx_word' id='word_1_61' title='bbox 1263 1664 1465 1706; x_wconf 74' lang='lat' dir='ltr'>noticiam</span> <span class='ocrx_word' id='word_1_62' title='bbox 1494 1668 1708 1719; x_wconf 76' lang='lat' dir='ltr'><strong>presentes</strong></span> <span class='ocrx_word' id='word_1_63' title='bbox 1735 1665 1871 1708; x_wconf 73' lang='lat' dir='ltr'><strong>literae</strong></span> <span class='ocrx_word' id='word_1_64' title='bbox 1898 1667 2171 1722; x_wconf 74' lang='lat' dir='ltr'><strong>pervenerint</strong></span> 
     </span>
     <span class='ocr_line' id='line_1_12' title="bbox 216 1751 1472 1797; baseline 0.001 -1"><span class='ocrx_word' id='word_1_65' title='bbox 216 1751 501 1796; x_wconf 82' lang='lat' dir='ltr'>WILLELMUS</span> <span class='ocrx_word' id='word_1_66' title='bbox 523 1753 575 1794; x_wconf 87' lang='lat' dir='ltr'><strong>de</strong></span> <span class='ocrx_word' id='word_1_67' title='bbox 597 1752 766 1794; x_wconf 70' lang='lat' dir='ltr'><strong>MARLE</strong></span> <span class='ocrx_word' id='word_1_68' title='bbox 788 1756 979 1795; x_wconf 88' lang='lat' dir='ltr'><strong>eternam</strong></span> <span class='ocrx_word' id='word_1_69' title='bbox 999 1753 1045 1796; x_wconf 90' lang='lat' dir='ltr'><strong>in</strong></span> <span class='ocrx_word' id='word_1_70' title='bbox 1066 1754 1256 1796; x_wconf 88' lang='lat' dir='ltr'><strong>Domino</strong></span> <span class='ocrx_word' id='word_1_71' title='bbox 1279 1755 1472 1797; x_wconf 87' lang='lat' dir='ltr'><strong>salutem.</strong></span> 
     </span>
    </p>

    <p class='ocr_par' dir='ltr' id='par_1_10' title="bbox 215 1842 2172 2996">
     <span class='ocr_line' id='line_1_13' title="bbox 277 1842 2172 1902; baseline 0.005 -19"><span class='ocrx_word' id='word_1_72' title='bbox 277 1843 386 1884; x_wconf 87' lang='lat' dir='ltr'><strong>Cum</strong></span> <span class='ocrx_word' id='word_1_73' title='bbox 407 1842 665 1898; x_wconf 77' lang='lat' dir='ltr'><strong>aliquociens</strong></span> <span class='ocrx_word' id='word_1_74' title='bbox 686 1845 728 1885; x_wconf 90' lang='lat' dir='ltr'><strong>et</strong></span> <span class='ocrx_word' id='word_1_75' title='bbox 748 1845 934 1899; x_wconf 86' lang='lat' dir='ltr'><strong>quadam</strong></span> <span class='ocrx_word' id='word_1_76' title='bbox 962 1845 1133 1900; x_wconf 85' lang='lat' dir='ltr'><strong>speciali</strong></span> <span class='ocrx_word' id='word_1_77' title='bbox 1162 1846 1302 1901; x_wconf 81' lang='lat' dir='ltr'><strong>gratia</strong></span> <span class='ocrx_word' id='word_1_78' title='bbox 1331 1846 1626 1902; x_wconf 85' lang='lat' dir='ltr'><strong>religiosorum</strong></span> <span class='ocrx_word' id='word_1_79' title='bbox 1656 1847 1844 1890; x_wconf 89' lang='lat' dir='ltr'><strong>virorum</strong></span> <span class='ocrx_word' id='word_1_80' title='bbox 1866 1881 1874 1890; x_wconf 96' lang='lat'><strong><em>.</em></strong></span> <span class='ocrx_word' id='word_1_81' title='bbox 1900 1881 1908 1890; x_wconf 87' lang='lat'><strong><em>.</em></strong></span> <span class='ocrx_word' id='word_1_82' title='bbox 1932 1848 2098 1892; x_wconf 84' lang='lat' dir='ltr'><strong>abbatis</strong></span> <span class='ocrx_word' id='word_1_83' title='bbox 2127 1852 2172 1893; x_wconf 88' lang='lat' dir='ltr'><strong>et</strong></span> 
     </span>
     <span class='ocr_line' id='line_1_14' title="bbox 215 1933 2170 1992; baseline 0.004 -17"><span class='ocrx_word' id='word_1_84' title='bbox 215 1937 448 1976; x_wconf 87' lang='lat' dir='ltr'><strong>conventus</strong></span> <span class='ocrx_word' id='word_1_85' title='bbox 469 1934 521 1976; x_wconf 89' lang='lat' dir='ltr'><strong>de</strong></span> <span class='ocrx_word' id='word_1_86' title='bbox 543 1933 761 1987; x_wconf 75' lang='lat' dir='ltr'><strong>MARGAN,</strong></span> <span class='ocrx_word' id='word_1_87' title='bbox 784 1937 1002 1990; x_wconf 76' lang='lat' dir='ltr'><strong>pasturam</strong></span> <span class='ocrx_word' id='word_1_88' title='bbox 1022 1951 1098 1992; x_wconf 90' lang='lat' dir='ltr'><strong>pro</strong></span> <span class='ocrx_word' id='word_1_89' title='bbox 1118 1935 1252 1978; x_wconf 89' lang='lat' dir='ltr'><strong>bobus</strong></span> <span class='ocrx_word' id='word_1_90' title='bbox 1273 1937 1408 1979; x_wconf 86' lang='lat' dir='ltr'><strong>vaccis</strong></span> <span class='ocrx_word' id='word_1_91' title='bbox 1433 1940 1476 1979; x_wconf 93' lang='lat' dir='ltr'><strong>et</strong></span> <span class='ocrx_word' id='word_1_92' title='bbox 1505 1937 1599 1980; x_wconf 83' lang='lat' dir='ltr'><strong>aliis</strong></span> <span class='ocrx_word' id='word_1_93' title='bbox 1629 1938 1781 1980; x_wconf 88' lang='lat' dir='ltr'><strong>averiis</strong></span> <span class='ocrx_word' id='word_1_94' title='bbox 1810 1939 1916 1981; x_wconf 87' lang='lat' dir='ltr'><strong>meis</strong></span> <span class='ocrx_word' id='word_1_95' title='bbox 1945 1939 2170 1984; x_wconf 86' lang='lat' dir='ltr'><strong>habuerim</strong></span> 
     </span>
     <span class='ocr_line' id='line_1_15' title="bbox 217 2026 2169 2087; baseline 0.005 -21"><span class='ocrx_word' id='word_1_96' title='bbox 217 2040 343 2081; x_wconf 87' lang='lat' dir='ltr'><strong>super</strong></span> <span class='ocrx_word' id='word_1_97' title='bbox 363 2029 496 2067; x_wconf 86' lang='lat' dir='ltr'><strong>terras</strong></span> <span class='ocrx_word' id='word_1_98' title='bbox 517 2026 748 2067; x_wconf 84' lang='lat' dir='ltr'><strong>eorundem</strong></span> <span class='ocrx_word' id='word_1_99' title='bbox 769 2026 814 2068; x_wconf 91' lang='lat' dir='ltr'><strong>in</strong></span> <span class='ocrx_word' id='word_1_100' title='bbox 835 2027 1018 2083; x_wconf 81' lang='lat' dir='ltr'><strong>grangia</strong></span> <span class='ocrx_word' id='word_1_101' title='bbox 1040 2028 1091 2069; x_wconf 89' lang='lat' dir='ltr'><strong>de</strong></span> <span class='ocrx_word' id='word_1_102' title='bbox 1120 2026 1275 2070; x_wconf 80' lang='lat' dir='ltr'><strong>Sancto</strong></span> <span class='ocrx_word' id='word_1_103' title='bbox 1306 2028 1554 2070; x_wconf 81' lang='lat' dir='ltr'>MICHAELE</span> <span class='ocrx_word' id='word_1_104' title='bbox 1586 2045 1715 2084; x_wconf 87' lang='lat' dir='ltr'><strong>quam</strong></span> <span class='ocrx_word' id='word_1_105' title='bbox 1746 2030 1919 2085; x_wconf 87' lang='lat' dir='ltr'><strong>quidem</strong></span> <span class='ocrx_word' id='word_1_106' title='bbox 1949 2037 2169 2087; x_wconf 77' lang='lat' dir='ltr'><strong>pasturam</strong></span> 
     </span>
     <span class='ocr_line' id='line_1_16' title="bbox 217 2116 2170 2176; baseline 0.004 -19"><span class='ocrx_word' id='word_1_107' title='bbox 217 2130 271 2158; x_wconf 81' lang='lat' dir='ltr'><strong>ex</strong></span> <span class='ocrx_word' id='word_1_108' title='bbox 304 2116 488 2171; x_wconf 85' lang='lat' dir='ltr'><strong>quadam</strong></span> <span class='ocrx_word' id='word_1_109' title='bbox 521 2116 653 2157; x_wconf 91' lang='lat' dir='ltr'><strong>animi</strong></span> <span class='ocrx_word' id='word_1_110' title='bbox 689 2116 864 2159; x_wconf 88' lang='lat' dir='ltr'><strong>levitate</strong></span> <span class='ocrx_word' id='word_1_111' title='bbox 903 2118 958 2159; x_wconf 87' lang='lat' dir='ltr'><strong>ad</strong></span> <span class='ocrx_word' id='word_1_112' title='bbox 996 2133 1097 2160; x_wconf 86' lang='lat' dir='ltr'><strong>usus</strong></span> <span class='ocrx_word' id='word_1_113' title='bbox 1129 2118 1380 2161; x_wconf 82' lang='lat' dir='ltr'><strong>animalium</strong></span> <span class='ocrx_word' id='word_1_114' title='bbox 1413 2134 1604 2162; x_wconf 90' lang='lat' dir='ltr'><strong>meorum</strong></span> <span class='ocrx_word' id='word_1_115' title='bbox 1630 2121 1917 2176; x_wconf 86' lang='lat' dir='ltr'><strong>predictorum</strong></span> <span class='ocrx_word' id='word_1_116' title='bbox 1944 2123 2170 2166; x_wconf 72' lang='lat' dir='ltr'><strong>annuatim</strong></span> 
     </span>
     <span class='ocr_line' id='line_1_17' title="bbox 216 2207 2170 2268; baseline 0.005 -20"><span class='ocrx_word' id='word_1_117' title='bbox 216 2207 529 2249; x_wconf 86' lang='lat' dir='ltr'><strong>vendicaverim</strong></span> <span class='ocrx_word' id='word_1_118' title='bbox 565 2210 772 2263; x_wconf 87' lang='lat' dir='ltr'><strong>tanquam</strong></span> <span class='ocrx_word' id='word_1_119' title='bbox 811 2208 882 2264; x_wconf 84' lang='lat' dir='ltr'><strong>jus</strong></span> <span class='ocrx_word' id='word_1_120' title='bbox 921 2208 1083 2251; x_wconf 86' lang='lat' dir='ltr'><strong>habens</strong></span> <span class='ocrx_word' id='word_1_121' title='bbox 1117 2209 1160 2252; x_wconf 87' lang='lat' dir='ltr'><strong>in</strong></span> <span class='ocrx_word' id='word_1_122' title='bbox 1204 2211 1352 2252; x_wconf 89' lang='lat' dir='ltr'><strong>eadem</strong></span> <span class='ocrx_word' id='word_1_123' title='bbox 1395 2245 1402 2254; x_wconf 90' lang='lat'><strong>.</strong></span> <span class='ocrx_word' id='word_1_124' title='bbox 1441 2210 1660 2254; x_wconf 87' lang='lat' dir='ltr'><strong>Noveritis</strong></span> <span class='ocrx_word' id='word_1_125' title='bbox 1699 2227 1767 2254; x_wconf 91' lang='lat' dir='ltr'><strong>me</strong></span> <span class='ocrx_word' id='word_1_126' title='bbox 1801 2212 1952 2268; x_wconf 86' lang='lat' dir='ltr'><strong>spiritu</strong></span> <span class='ocrx_word' id='word_1_127' title='bbox 1992 2215 2170 2258; x_wconf 87' lang='lat' dir='ltr'><strong>ductum</strong></span> 
     </span>
     <span class='ocr_line' id='line_1_18' title="bbox 218 2299 2170 2359; baseline 0.005 -19"><span class='ocrx_word' id='word_1_128' title='bbox 218 2299 410 2341; x_wconf 87' lang='lat' dir='ltr'><strong>veritatis</strong></span> <span class='ocrx_word' id='word_1_129' title='bbox 429 2299 639 2340; x_wconf 83' lang='lat' dir='ltr'><strong>relaxasse</strong></span> <span class='ocrx_word' id='word_1_130' title='bbox 661 2302 701 2340; x_wconf 90' lang='lat' dir='ltr'><strong>et</strong></span> <span class='ocrx_word' id='word_1_131' title='bbox 721 2315 797 2356; x_wconf 91' lang='lat' dir='ltr'><strong>per</strong></span> <span class='ocrx_word' id='word_1_132' title='bbox 817 2303 1032 2356; x_wconf 83' lang='lat' dir='ltr'><strong>presentes</strong></span> <span class='ocrx_word' id='word_1_133' title='bbox 1052 2301 1226 2343; x_wconf 88' lang='lat' dir='ltr'><strong>omnino</strong></span> <span class='ocrx_word' id='word_1_134' title='bbox 1248 2302 1440 2357; x_wconf 82' lang='lat' dir='ltr'><strong>quietum</strong></span> <span class='ocrx_word' id='word_1_135' title='bbox 1468 2303 1667 2345; x_wconf 87' lang='lat' dir='ltr'><strong>clamasse</strong></span> <span class='ocrx_word' id='word_1_136' title='bbox 1695 2319 1770 2359; x_wconf 90' lang='lat' dir='ltr'><strong>pro</strong></span> <span class='ocrx_word' id='word_1_137' title='bbox 1792 2319 1859 2346; x_wconf 90' lang='lat' dir='ltr'><strong>me</strong></span> <span class='ocrx_word' id='word_1_138' title='bbox 1881 2307 1923 2346; x_wconf 89' lang='lat' dir='ltr'><strong>et</strong></span> <span class='ocrx_word' id='word_1_139' title='bbox 1943 2304 2170 2350; x_wconf 79' lang='lat' dir='ltr'><strong>heredibus</strong></span> 
     </span>
     <span class='ocr_line' id='line_1_19' title="bbox 219 2389 2172 2449; baseline 0.005 -20"><span class='ocrx_word' id='word_1_140' title='bbox 219 2389 325 2431; x_wconf 86' lang='lat' dir='ltr'><strong>meis</strong></span> <span class='ocrx_word' id='word_1_141' title='bbox 355 2391 397 2431; x_wconf 90' lang='lat' dir='ltr'><strong>et</strong></span> <span class='ocrx_word' id='word_1_142' title='bbox 427 2389 653 2445; x_wconf 85' lang='lat' dir='ltr'><strong>assignatis</strong></span> <span class='ocrx_word' id='word_1_143' title='bbox 682 2391 727 2431; x_wconf 92' lang='lat' dir='ltr'><strong>in</strong></span> <span class='ocrx_word' id='word_1_144' title='bbox 750 2394 1001 2447; x_wconf 90' lang='lat' dir='ltr'><strong>perpetuum</strong></span> <span class='ocrx_word' id='word_1_145' title='bbox 1031 2394 1170 2434; x_wconf 88' lang='lat' dir='ltr'><strong>totum</strong></span> <span class='ocrx_word' id='word_1_146' title='bbox 1205 2392 1277 2449; x_wconf 85' lang='lat' dir='ltr'><strong>jus</strong></span> <span class='ocrx_word' id='word_1_147' title='bbox 1307 2396 1350 2435; x_wconf 91' lang='lat' dir='ltr'><strong>et</strong></span> <span class='ocrx_word' id='word_1_148' title='bbox 1390 2394 1591 2436; x_wconf 85' lang='lat' dir='ltr'><strong>clamium</strong></span> <span class='ocrx_word' id='word_1_149' title='bbox 1624 2395 1738 2449; x_wconf 89' lang='lat' dir='ltr'><strong>quod</strong></span> <span class='ocrx_word' id='word_1_150' title='bbox 1769 2394 1904 2437; x_wconf 87' lang='lat' dir='ltr'><strong>habeo</strong></span> <span class='ocrx_word' id='word_1_151' title='bbox 1936 2395 2067 2438; x_wconf 88' lang='lat' dir='ltr'><strong>habui</strong></span> <span class='ocrx_word' id='word_1_152' title='bbox 2101 2396 2172 2440; x_wconf 87' lang='lat' dir='ltr'><strong>vel</strong></span> 
     </span>
     <span class='ocr_line' id='line_1_20' title="bbox 219 2479 2171 2544; baseline 0.004 -23"><span class='ocrx_word' id='word_1_153' title='bbox 219 2479 375 2522; x_wconf 88' lang='lat' dir='ltr'><strong>habere</strong></span> <span class='ocrx_word' id='word_1_154' title='bbox 405 2482 551 2535; x_wconf 89' lang='lat' dir='ltr'><strong>potero</strong></span> <span class='ocrx_word' id='word_1_155' title='bbox 583 2481 857 2536; x_wconf 85' lang='lat' dir='ltr'><strong>quovismodo</strong></span> <span class='ocrx_word' id='word_1_156' title='bbox 889 2482 935 2524; x_wconf 93' lang='lat' dir='ltr'><strong>in</strong></span> <span class='ocrx_word' id='word_1_157' title='bbox 967 2483 1167 2538; x_wconf 75' lang='lat' dir='ltr'><strong>predictis</strong></span> <span class='ocrx_word' id='word_1_158' title='bbox 1199 2485 1384 2539; x_wconf 87' lang='lat' dir='ltr'><strong>pasturis</strong></span> <span class='ocrx_word' id='word_1_159' title='bbox 1419 2519 1427 2527; x_wconf 92' lang='lat'><strong><em>.</em></strong></span> <span class='ocrx_word' id='word_1_160' title='bbox 1466 2500 1539 2527; x_wconf 90' lang='lat' dir='ltr'><strong>seu</strong></span> <span class='ocrx_word' id='word_1_161' title='bbox 1570 2485 1616 2526; x_wconf 89' lang='lat' dir='ltr'><strong>in</strong></span> <span class='ocrx_word' id='word_1_162' title='bbox 1644 2485 1728 2527; x_wconf 88' lang='lat' dir='ltr'><strong>alia</strong></span> <span class='ocrx_word' id='word_1_163' title='bbox 1760 2500 2012 2542; x_wconf 87' lang='lat' dir='ltr'><strong>quacunque</strong></span> <span class='ocrx_word' id='word_1_164' title='bbox 2044 2503 2171 2544; x_wconf 83' lang='lat' dir='ltr'><strong>super</strong></span> 
     </span>
     <span class='ocr_line' id='line_1_21' title="bbox 220 2572 2172 2635; baseline 0.004 -21"><span class='ocrx_word' id='word_1_165' title='bbox 220 2573 377 2614; x_wconf 81' lang='lat' dir='ltr'><strong>terram</strong></span> <span class='ocrx_word' id='word_1_166' title='bbox 410 2572 693 2628; x_wconf 87' lang='lat' dir='ltr'><strong>predictorum</strong></span> <span class='ocrx_word' id='word_1_167' title='bbox 715 2607 724 2615; x_wconf 89' lang='grc'><strong>.</strong></span> <span class='ocrx_word' id='word_1_168' title='bbox 749 2607 758 2615; x_wconf 93' lang='grc'><strong>.</strong></span> <span class='ocrx_word' id='word_1_169' title='bbox 782 2573 948 2616; x_wconf 84' lang='lat' dir='ltr'><strong>abbatis</strong></span> <span class='ocrx_word' id='word_1_170' title='bbox 978 2577 1021 2616; x_wconf 91' lang='lat' dir='ltr'><strong>et</strong></span> <span class='ocrx_word' id='word_1_171' title='bbox 1051 2578 1283 2618; x_wconf 87' lang='lat' dir='ltr'><strong>conventus</strong></span> <span class='ocrx_word' id='word_1_172' title='bbox 1313 2577 1664 2632; x_wconf 77' lang='lat' dir='ltr'><strong>quandocunque.</strong></span> <span class='ocrx_word' id='word_1_173' title='bbox 1727 2576 1799 2619; x_wconf 87' lang='lat' dir='ltr'><strong>Ita</strong></span> <span class='ocrx_word' id='word_1_174' title='bbox 1829 2577 2027 2621; x_wconf 85' lang='lat' dir='ltr'><strong>videlieet</strong></span> <span class='ocrx_word' id='word_1_175' title='bbox 2056 2580 2172 2635; x_wconf 86' lang='lat' dir='ltr'><strong>quod</strong></span> 
     </span>
     <span class='ocr_line' id='line_1_22' title="bbox 218 2663 2170 2723; baseline 0.005 -20"><span class='ocrx_word' id='word_1_176' title='bbox 218 2677 296 2704; x_wconf 89' lang='lat' dir='ltr'><strong>nec</strong></span> <span class='ocrx_word' id='word_1_177' title='bbox 326 2677 406 2718; x_wconf 82' lang='lat' dir='ltr'><strong>ego</strong></span> <span class='ocrx_word' id='word_1_178' title='bbox 435 2678 513 2704; x_wconf 89' lang='lat' dir='ltr'><strong>nec</strong></span> <span class='ocrx_word' id='word_1_179' title='bbox 542 2663 716 2706; x_wconf 87' lang='lat' dir='ltr'><strong>heredes</strong></span> <span class='ocrx_word' id='word_1_180' title='bbox 744 2664 829 2706; x_wconf 90' lang='lat' dir='ltr'><strong>mei</strong></span> <span class='ocrx_word' id='word_1_181' title='bbox 859 2665 927 2707; x_wconf 88' lang='lat' dir='ltr'><strong>vel</strong></span> <span class='ocrx_word' id='word_1_182' title='bbox 957 2665 1162 2721; x_wconf 86' lang='lat' dir='ltr'><strong>assignati</strong></span> <span class='ocrx_word' id='word_1_183' title='bbox 1195 2700 1203 2708; x_wconf 93' lang='lat'><strong><em>.</em></strong></span> <span class='ocrx_word' id='word_1_184' title='bbox 1236 2681 1313 2708; x_wconf 89' lang='lat' dir='ltr'><strong>nec</strong></span> <span class='ocrx_word' id='word_1_185' title='bbox 1353 2666 1507 2722; x_wconf 83' lang='lat' dir='ltr'><strong>aliquis</strong></span> <span class='ocrx_word' id='word_1_186' title='bbox 1547 2667 1656 2709; x_wconf 89' lang='lat' dir='ltr'><strong>alius</strong></span> <span class='ocrx_word' id='word_1_187' title='bbox 1684 2682 1760 2723; x_wconf 91' lang='lat' dir='ltr'><strong>per</strong></span> <span class='ocrx_word' id='word_1_188' title='bbox 1788 2682 1865 2710; x_wconf 91' lang='lat' dir='ltr'><strong>nos</strong></span> <span class='ocrx_word' id='word_1_189' title='bbox 1895 2683 1970 2710; x_wconf 88' lang='lat' dir='ltr'><strong>seu</strong></span> <span class='ocrx_word' id='word_1_190' title='bbox 1995 2669 2170 2713; x_wconf 85' lang='lat' dir='ltr'><strong>nomine</strong></span> 
     </span>
     <span class='ocr_line' id='line_1_23' title="bbox 215 2753 2167 2816; baseline 0.004 -22"><span class='ocrx_word' id='word_1_191' title='bbox 215 2755 358 2795; x_wconf 87' lang='lat' dir='ltr'><strong>nostro</strong></span> <span class='ocrx_word' id='word_1_192' title='bbox 380 2753 542 2808; x_wconf 85' lang='lat' dir='ltr'><strong>aliquid</strong></span> <span class='ocrx_word' id='word_1_193' title='bbox 562 2753 671 2809; x_wconf 87' lang='lat' dir='ltr'><strong>juris</strong></span> <span class='ocrx_word' id='word_1_194' title='bbox 692 2756 758 2797; x_wconf 87' lang='lat' dir='ltr'><strong>vel</strong></span> <span class='ocrx_word' id='word_1_195' title='bbox 779 2756 921 2798; x_wconf 86' lang='lat' dir='ltr'><strong>clamii</strong></span> <span class='ocrx_word' id='word_1_196' title='bbox 941 2756 987 2799; x_wconf 90' lang='lat' dir='ltr'><strong>in</strong></span> <span class='ocrx_word' id='word_1_197' title='bbox 1009 2757 1251 2812; x_wconf 86' lang='lat' dir='ltr'><strong>supradicta</strong></span> <span class='ocrx_word' id='word_1_198' title='bbox 1271 2760 1444 2813; x_wconf 86' lang='lat' dir='ltr'><strong>pastura</strong></span> <span class='ocrx_word' id='word_1_199' title='bbox 1465 2773 1538 2800; x_wconf 88' lang='lat' dir='ltr'><strong>seu</strong></span> <span class='ocrx_word' id='word_1_200' title='bbox 1558 2758 1603 2799; x_wconf 88' lang='lat' dir='ltr'><strong>in</strong></span> <span class='ocrx_word' id='word_1_201' title='bbox 1625 2758 1770 2814; x_wconf 87' lang='lat' dir='ltr'><strong>aliqua</strong></span> <span class='ocrx_word' id='word_1_202' title='bbox 1800 2759 1884 2800; x_wconf 86' lang='lat' dir='ltr'><strong>alia</strong></span> <span class='ocrx_word' id='word_1_203' title='bbox 1914 2774 2167 2816; x_wconf 85' lang='lat' dir='ltr'><strong>quaeunque</strong></span> 
     </span>
     <span class='ocr_line' id='line_1_24' title="bbox 216 2845 2170 2905; baseline 0.004 -19"><span class='ocrx_word' id='word_1_204' title='bbox 216 2859 342 2899; x_wconf 75' lang='lat' dir='ltr'><strong>super</strong></span> <span class='ocrx_word' id='word_1_205' title='bbox 361 2847 518 2886; x_wconf 88' lang='lat' dir='ltr'><strong>terram</strong></span> <span class='ocrx_word' id='word_1_206' title='bbox 539 2845 749 2888; x_wconf 84' lang='lat' dir='ltr'><strong>dictorum</strong></span> <span class='ocrx_word' id='word_1_207' title='bbox 772 2880 780 2888; x_wconf 93' lang='lat'><strong>.</strong></span> <span class='ocrx_word' id='word_1_208' title='bbox 806 2880 814 2888; x_wconf 88' lang='lat'><strong>.</strong></span> <span class='ocrx_word' id='word_1_209' title='bbox 839 2846 1004 2889; x_wconf 87' lang='lat' dir='ltr'><strong>abbatis</strong></span> <span class='ocrx_word' id='word_1_210' title='bbox 1024 2851 1067 2890; x_wconf 87' lang='lat' dir='ltr'><strong>et</strong></span> <span class='ocrx_word' id='word_1_211' title='bbox 1087 2851 1320 2890; x_wconf 89' lang='lat' dir='ltr'><strong>conventus</strong></span> <span class='ocrx_word' id='word_1_212' title='bbox 1339 2852 1388 2890; x_wconf 89' lang='lat' dir='ltr'><strong>ut</strong></span> <span class='ocrx_word' id='word_1_213' title='bbox 1404 2849 1667 2904; x_wconf 85' lang='lat' dir='ltr'><strong>premittitur</strong></span> <span class='ocrx_word' id='word_1_214' title='bbox 1680 2849 1850 2905; x_wconf 81' lang='lat' dir='ltr'><strong>exigere</strong></span> <span class='ocrx_word' id='word_1_215' title='bbox 1867 2852 1931 2892; x_wconf 90' lang='lat' dir='ltr'><strong>vel</strong></span> <span class='ocrx_word' id='word_1_216' title='bbox 1946 2851 2170 2894; x_wconf 85' lang='lat' dir='ltr'><strong>vendicare</strong></span> 
     </span>
     <span class='ocr_line' id='line_1_25' title="bbox 215 2935 2171 2996; baseline 0.004 -20"><span class='ocrx_word' id='word_1_217' title='bbox 215 2935 447 2990; x_wconf 85' lang='lat' dir='ltr'><strong>poterimus</strong></span> <span class='ocrx_word' id='word_1_218' title='bbox 469 2937 807 2992; x_wconf 87' lang='lat' dir='ltr'><strong>quandocunque</strong></span> <span class='ocrx_word' id='word_1_219' title='bbox 826 2937 1128 2994; x_wconf 87' lang='lat' dir='ltr'><strong>inperpetuum</strong></span> <span class='ocrx_word' id='word_1_220' title='bbox 1161 2972 1170 2981; x_wconf 94' lang='lat'><strong>.</strong></span> <span class='ocrx_word' id='word_1_221' title='bbox 1203 2939 1278 2982; x_wconf 81' lang='lat' dir='ltr'><strong>Set</strong></span> <span class='ocrx_word' id='word_1_222' title='bbox 1299 2940 1457 2982; x_wconf 81' lang='lat' dir='ltr'><strong>exclusi</strong></span> <span class='ocrx_word' id='word_1_223' title='bbox 1480 2940 1610 2982; x_wconf 89' lang='lat' dir='ltr'><strong>simus</strong></span> <span class='ocrx_word' id='word_1_224' title='bbox 1640 2955 1715 2996; x_wconf 90' lang='lat' dir='ltr'><strong>per</strong></span> <span class='ocrx_word' id='word_1_225' title='bbox 1734 2943 1949 2996; x_wconf 87' lang='lat' dir='ltr'><strong>presentes</strong></span> <span class='ocrx_word' id='word_1_226' title='bbox 1980 2941 2032 2984; x_wconf 87' lang='lat' dir='ltr'><strong>ab</strong></span> <span class='ocrx_word' id='word_1_227' title='bbox 2053 2942 2171 2985; x_wconf 89' lang='lat' dir='ltr'><strong>omni</strong></span> 
     </span>
    </p>
   </div>
   <div class='ocr_carea' id='block_1_10' title="bbox 219 3024 2170 3089">
    <p class='ocr_par' dir='ltr' id='par_1_11' title="bbox 219 3024 2170 3089">
     <span class='ocr_line' id='line_1_26' title="bbox 219 3024 2170 3089; baseline 0.005 -23"><span class='ocrx_word' id='word_1_228' title='bbox 219 3024 384 3068; x_wconf 88' lang='lat' dir='ltr'><strong>actione</strong></span> <span class='ocrx_word' id='word_1_229' title='bbox 416 3028 506 3068; x_wconf 89' lang='lat' dir='ltr'><strong>tam</strong></span> <span class='ocrx_word' id='word_1_230' title='bbox 540 3027 644 3069; x_wconf 86' lang='lat' dir='ltr'><strong>reali</strong></span> <span class='ocrx_word' id='word_1_231' title='bbox 677 3043 805 3083; x_wconf 91' lang='lat' dir='ltr'><strong>quam</strong></span> <span class='ocrx_word' id='word_1_232' title='bbox 850 3030 1061 3085; x_wconf 89' lang='lat' dir='ltr'><strong>personali</strong></span> <span class='ocrx_word' id='word_1_233' title='bbox 1111 3030 1270 3073; x_wconf 86' lang='lat' dir='ltr'><strong>dictam</strong></span> <span class='ocrx_word' id='word_1_234' title='bbox 1316 3033 1534 3087; x_wconf 86' lang='lat' dir='ltr'><strong>pasturam</strong></span> <span class='ocrx_word' id='word_1_235' title='bbox 1575 3034 1851 3074; x_wconf 87' lang='lat' dir='ltr'><strong>concernente</strong></span> <span class='ocrx_word' id='word_1_236' title='bbox 1893 3031 2119 3089; x_wconf 87' lang='lat' dir='ltr'><strong>utrobique</strong></span> <span class='ocrx_word' id='word_1_237' title='bbox 2159 3066 2170 3076; x_wconf 91' lang='lat'><strong>.</strong></span> 
     </span>
    </p>
   </div>
  </div>
 </body>
</html>
