2386 3645
287 267 398 309 1404

227 473 359 529 ipsius
386 486 523 528 nuper
549 470 713 514 comitis
739 469 976 526 predictum
1005 467 1130 511 breve
1151 468 1204 509 de
1230 469 1344 509 recto
1365 463 1563 508 cassabile
1584 464 1740 507 extitit.
1801 462 1862 506 Et
1891 462 1937 504 in
1964 462 2043 505 hoc
2071 477 2171 505 casu

234 565 348 620 quod
374 563 554 620 predicti
583 560 809 619 justiciarii
838 560 964 603 breve
994 559 1104 602 illud
1133 573 1209 614 per
1239 571 1474 614 cognomen
1506 554 1686 612 predicti
1720 568 1857 610 nuper
1891 552 2056 596 comitis
2084 567 2172 596 non

228 658 446 699 cassarunt
465 654 547 711 ipsi
567 655 827 697 erraverunt.

285 745 400 789 Item
420 745 494 788 ubi
513 744 726 801 predictus
745 757 882 798 nuper
901 755 1038 784 comes
1059 743 1101 783 et
1121 739 1150 782 J
1153 752 1362 781 OHANNES
1383 739 1436 780 de
1457 737 1686 779 MOUBRAY
1707 750 1833 791 super
1852 734 2040 790 predicto
2053 733 2172 777 brevi

227 838 279 880 de
299 840 413 880 recto
433 835 692 892 placitaruut
712 835 768 876 ad
787 833 951 876 exitum
970 830 1107 888 patrie
1133 832 1261 885 prout
1286 843 1362 884 per
1388 828 1609 871 recordum
1638 826 1876 883 predictum
1906 826 2008 868 satis
2035 825 2171 881 liquet

227 943 352 984 super
371 941 455 982 quo
475 926 592 969 brevi
611 925 737 968 breve
757 924 965 967 directum
984 921 1069 964 fuit
1089 919 1324 963 vicecomiti
1344 918 1601 961 HEREFORD
1622 918 1675 961 de
1695 917 1838 961 venire
1853 917 2047 960 faciendo
2068 931 2169 967 xm„

227 1023 320 1071 etc„
349 1020 400 1061 de
425 1018 519 1060 visu
542 1018 595 1059 de
619 1018 754 1059 castro
780 1015 833 1057 de
858 1013 1135 1056 SWEYNESEY
1162 1013 1205 1053 et
1234 1013 1347 1053 terra
1371 1010 1424 1052 de
1449 1008 1621 1052 GOWER
1649 1008 1696 1050 in
1724 1007 1921 1052 WALLIA
1950 1007 2024 1051 ubi
2048 1007 2174 1051 breve

225 1111 334 1154 iuud
355 1109 446 1152 fieri
476 1107 688 1152 debuisset
715 1106 768 1149 de
795 1104 939 1147 venire
969 1102 1160 1145 faciendo
1187 1115 1288 1150 xm„
1315 1102 1407 1152 eto„
1433 1100 1486 1142 de
1513 1099 1689 1142 ballivia
1705 1114 1780 1142 sua
1808 1099 1876 1142 vel
1895 1100 1948 1142 de
1968 1099 2173 1142 comitatu

225 1217 313 1246 suo.
389 1201 451 1244 Et
480 1200 526 1243 in
555 1199 634 1242 hoc
662 1198 776 1253 quod
802 1194 980 1252 predicti
1006 1192 1231 1250 justiciarii
1263 1194 1466 1247 ceperunt
1494 1190 1683 1246 juratam
1719 1205 1794 1246 per
1823 1189 1950 1232 breve
1980 1190 2090 1232 illud
2117 1191 2174 1232 sio

224 1295 489 1337 retornatum
517 1294 559 1333 et
587 1289 905 1333 considerarunt
940 1284 1139 1328 seisinam
1172 1282 1361 1339 predicto
1388 1295 1525 1337 nuper
1554 1281 1698 1324 comiti
1733 1281 1786 1323 de
1826 1280 2027 1337 predictis
2058 1284 2181 1324 tene·

228 1384 384 1427 mentis
404 1397 530 1439 super
549 1380 694 1437 jurata
713 1377 902 1435 predicta
921 1375 1004 1432 ipsi
1024 1376 1284 1418 erraverunt.

283 1476 397 1518 Item
418 1473 492 1516 ubi
507 1471 720 1529 predictus
733 1469 762 1513 J
764 1482 973 1512 oHANNEs
989 1467 1041 1509 de
1054 1465 1285 1508 MOUBRAY
1305 1466 1426 1507 vocat
1439 1463 1493 1505 ad
1510 1462 1783 1505 warrantiam
1799 1477 1943 1505 versus
1960 1463 2175 1518 prefatum

222 1582 358 1623 nuper
378 1564 575 1608 comitem
595 1562 800 1618 quosdam
819 1559 849 1603 J
851 1571 1078 1602 OHANNEM
1099 1556 1238 1599 filium
1265 1555 1294 1598 J
1297 1568 1498 1597 OHANNIS
1518 1555 1571 1597 de
1599 1553 1829 1596 MOUBRAY
1850 1557 1893 1597 et
1913 1553 1943 1597 J
1945 1568 2171 1597 OHANNEM

223 1660 277 1702 de
316 1657 483 1700 Bomm
523 1655 576 1697 de
617 1652 865 1695 Mrnrrtmsr
905 1648 1242 1704 consanguineos
1281 1649 1325 1689 et
1367 1646 1542 1689 heredes
1584 1644 1836 1690 WILLELMI
1877 1646 1930 1688 de
1966 1645 2177 1689 BREOUSE

229 1747 438 1792 chevalier
467 1748 509 1788 et
536 1743 723 1787 ostendit
757 1755 927 1784 causam
957 1739 1071 1782 curie
1106 1739 1159 1781 de
1191 1737 1388 1781 habendo
1431 1736 1695 1779 vocationem
1727 1735 1960 1792 predictam
1987 1736 2182 1780 videlicet

228 1854 304 1896 pro
335 1853 383 1881 eo
414 1837 528 1894 quod
557 1834 771 1892 predictus
802 1831 1089 1875 WILLELMUS
1110 1829 1230 1872 dedit
1257 1827 1446 1884 predicta
1471 1829 1655 1869 castrum
1679 1828 1722 1869 et
1752 1829 1910 1869 terram
1934 1827 1987 1869 de
2009 1826 2183 1870 Gowmz

226 1934 329 1974 tunc
349 1929 484 1986 petita
504 1926 670 1984 prefato
691 1925 720 1969 J
723 1937 901 1967 OHANNI
923 1923 975 1965 de
995 1921 1226 1964 MOUBRAY
1245 1919 1372 1976 patri,
1394 1921 1486 1970 etc„
1509 1920 1551 1960 et
1573 1917 1742 1960 cuidam
1761 1917 1915 1959 ALmE
1940 1918 2065 1960 uxori
2086 1918 2181 1975 ejus

228 2022 315 2065 filie
336 2020 530 2077 ejusdem
550 2017 801 2061 WILLELMI
818 2017 861 2057 et
875 2012 1102 2056 heredibus
1123 2012 1176 2054 de
1192 2009 1437 2066 corporibus
1458 2009 1544 2051 suis
1559 2007 1826 2051 exeuntibus.
1888 2008 1950 2051 Et
1969 2009 2184 2065 predictus

231 2129 368 2171 nuper
389 2127 525 2156 comes
546 2113 588 2153 et
607 2110 636 2154 J
639 2122 849 2152 OHANNES
870 2108 923 2150 de
943 2105 1175 2148 MOUBRAY
1195 2104 1373 2146 fuerunt
1392 2102 1493 2145 inde
1514 2101 1569 2144 ad
1589 2101 1755 2144 exitum
1783 2102 1921 2157 patrie
1952 2116 2078 2158 super
2098 2117 2182 2158 quo

235 2205 451 2261 quoddam
471 2202 601 2245 breve
622 2200 831 2242 directum
860 2198 946 2240 fuit
975 2195 1212 2239 vicecomiti
1242 2194 1472 2237 HERFORD
1503 2193 1555 2235 de
1585 2193 1729 2235 venire
1751 2192 1948 2236 faciendo
1969 2207 2070 2246 xrs„
2093 2197 2185 2247 etc„

235 2312 312 2354 per
337 2296 420 2338 ista
449 2292 577 2337 verba
604 2293 659 2334 ad
685 2289 1072 2347 recognoscendum
1108 2302 1233 2343 super
1267 2287 1579 2329 sacramentum
1603 2298 1726 2327 suum
1756 2283 1790 2326 si
1819 2283 2104 2328 Wrnmzmuus
2134 2286 2189 2328 de

234 2388 446 2431 BREousn
476 2383 594 2426 dedit
624 2384 809 2426 castrum
836 2381 889 2423 de
919 2379 1197 2422 SWEYNESEY
1225 2380 1267 2420 et
1288 2381 1445 2419 terram
1466 2376 1519 2418 de
1540 2374 1713 2418 Gowm
1733 2389 1830 2417 cum
1850 2375 2119 2431 pertinentiis
2137 2376 2183 2420 in

236 2478 433 2523 WALmA
455 2473 709 2531 quibusdam
729 2471 758 2515 J
762 2485 937 2514 OHANNI
959 2471 1011 2513 de
1039 2468 1269 2512 MOUBRAY
1289 2469 1332 2510 et
1351 2466 1505 2509 ALINE
1535 2465 1659 2508 uxori
1689 2464 1784 2521 ejus
1813 2468 1856 2507 et
1886 2465 2110 2509 heredibus
2131 2467 2183 2509 de

246 2566 489 2624 corporibus
527 2565 716 2621 ipsorum
755 2562 784 2606 J
788 2576 987 2604 OHANNIS
1026 2562 1070 2603 et
1114 2559 1268 2602 Ammz
1315 2555 1570 2600 exeuntibus
1615 2570 1702 2599 non
1750 2556 2011 2599 nominando
2059 2557 2196 2613 ipsam

246 2660 438 2703 ALINAM
474 2656 607 2699 filiam
641 2653 820 2711 predicti
854 2652 1105 2696 WILLELMI
1138 2651 1191 2693 de
1226 2649 1438 2692 BREOUSE
1473 2650 1516 2690 et
1547 2647 1604 2691 sic
1635 2647 1762 2690 breve
1796 2647 1905 2690 illud
1939 2647 2198 2692 insufficiens

248 2754 290 2794 et
331 2764 417 2792 non
453 2747 709 2790 concordans
747 2745 919 2788 recordo
954 2742 1142 2799 predicto
1177 2740 1334 2784 extitit.
1406 2739 1468 2782 Et
1501 2739 1547 2781 in
1582 2739 1661 2781 hoc
1692 2739 1806 2794 quod
1838 2738 2018 2794 predicti
2052 2754 2196 2796 cepere

247 2842 435 2899 juratam
470 2839 590 2881 illam
624 2852 699 2894 per
733 2849 973 2892 processum
1005 2848 1130 2890 super
1163 2832 1282 2876 brevi
1316 2831 1390 2874 illo
1423 2831 1480 2873 sic
1513 2830 1700 2873 erronice
1733 2832 1929 2873 emanato
1961 2830 2119 2873 factam
2154 2834 2197 2874 et

249 2946 374 2988 super
404 2930 482 2973 hoc
514 2929 712 2972 seisinam
742 2926 908 2983 prefato
936 2940 1072 2981 nuper
1102 2923 1246 2967 comiti
1274 2923 1327 2965 de
1354 2921 1554 2978 predictis
1589 2921 1844 2963 tenementis
1879 2920 2198 2964 considerarunt

248 3023 330 3079 ipsi
351 3022 609 3064 erraverunt.
