2386 3645
1938 226 2049 268 1307

160 432 267 485 pert.
290 444 378 471 una
397 444 494 471 cum
514 428 766 484 supradictis
786 429 895 470 turri
915 432 958 470 et
986 434 1141 471 tenem.
1164 430 1279 471 infra
1299 431 1447 472 villam
1477 432 1530 473 de
1550 431 1805 474 SWEYNISSE
1827 433 2105 476 existentibus

160 535 260 562 cum
286 520 372 562 suis
400 522 506 575 pert.
535 518 705 575 juribus
734 524 777 561 et
804 518 1074 561 libertatibus
1101 519 1308 561 universis
1333 521 1491 562 eisdem
1510 521 1553 563 J.
1577 521 1677 564 Dou
1700 525 1742 564 et
1763 522 1849 565 ΤΗ.
1872 523 2105 566 EXCESTRE

163 611 217 652 de
238 609 490 666 capitalibus
506 609 690 652 dominis
706 610 935 652 eorundem
951 610 1239 652 maneriorum
1259 613 1301 652 et
1315 613 1655 654 tenementorum
1672 627 1719 654 ac
1735 613 1864 654 etiam
1882 613 2108 656 heredibus

163 703 207 743 et
227 701 454 757 assignatis
474 700 560 742 suis
579 700 711 742 libere
731 701 873 755 quiete
897 700 1005 743 bene
1036 704 1079 743 et
1107 701 1155 743 in
1184 716 1286 757 pace
1308 701 1406 757 jure
1430 702 1685 744 hereditario
1704 703 2003 759 inperpetuum
2033 721 2107 761 per

162 792 354 834 redditus
375 794 416 833 et
438 791 611 833 servicia
631 792 732 833 inde
754 791 899 834 debita
919 794 962 834 et
983 795 1183 834 consueta
1202 807 1278 848 pro
1310 793 1507 835 omnibus
1533 793 1628 835 aljis
1649 794 1833 836 serviciis
1853 795 2108 838 secularibus

163 885 206 925 et
241 882 475 924 demandis.
556 882 617 924 Et
656 897 736 939 ego
776 898 874 925 vero
915 884 1083 938 suprad.
1134 883 1232 926 Rm.
1276 883 1483 926 SCURLAG
1523 887 1566 926 et
1604 884 1778 927 heredes
1817 886 1902 928 mei
1941 888 2108 942 suprad.

162 974 353 1016 maneria
391 974 444 1016 de
484 973 893 1016 SCURLAGISCASTEL
928 977 970 1016 et
1005 974 1171 1017 BURRY
1203 990 1300 1017 cum
1333 991 1446 1018 omn.
1483 976 1570 1018 suis
1601 979 1707 1031 pert.
1744 991 1831 1018 una
1865 991 1960 1018 cum
1996 992 2108 1020 omn.

163 1065 333 1120 suprad.
376 1065 626 1121 messuagiis
650 1065 773 1107 terris
802 1066 1058 1108 tenementis
1091 1066 1348 1108 molendinis
1377 1066 1511 1109 boscis
1541 1067 1683 1122 gravis
1709 1067 1906 1109 marescis
1931 1069 2114 1123 pasturis

162 1154 401 1198 redditibus
432 1155 742 1198 reversionibus
782 1156 966 1198 dominis
1001 1159 1043 1199 et
1083 1157 1266 1199 serviciis
1305 1158 1460 1199 wardis
1497 1157 1665 1199 releviis
1704 1157 1906 1199 eschaetis
1945 1158 2116 1201 herietis

164 1246 357 1288 omnium
376 1246 607 1289 liberorum
628 1247 871 1290 tenencium
893 1249 1124 1290 eorundem
1146 1249 1433 1291 maneriorum
1453 1252 1496 1291 et
1523 1251 1865 1291 tenementorum
1886 1264 1982 1291 cum
2003 1265 2114 1292 omn.

163 1338 250 1379 suis
279 1341 386 1393 pert.
416 1340 459 1380 et
486 1353 582 1380 cum
610 1339 778 1394 suprad.
808 1339 918 1380 turri
946 1342 988 1381 et
1018 1340 1274 1383 tenementis
1304 1340 1420 1382 infra
1451 1340 1600 1382 villam
1633 1341 1685 1382 de
1717 1340 1973 1383 SWEYNISSE
2010 1342 2118 1383 exis-

165 1428 356 1471 tentibus
377 1444 473 1471 cum
495 1429 581 1471 suis
601 1432 707 1485 pert.
731 1429 899 1485 juribus
921 1433 963 1472 et
982 1429 1252 1473 libertatibus
1273 1432 1328 1473 ad
1359 1432 1506 1473 eadem
1535 1431 1810 1486 quovismodo
1832 1432 2120 1487 spectantibus

166 1520 325 1562 eisdem
359 1519 402 1562 J.
429 1520 532 1562 Dou
566 1524 608 1562 et
649 1519 735 1562 ΤΗ.
778 1521 1014 1563 EXCESTRE
1048 1521 1190 1564 hered.
1228 1525 1271 1564 et
1311 1522 1466 1578 assign.
1501 1522 1586 1564 suis
1619 1526 1765 1564 contra
1798 1537 1943 1564 omnes
1970 1525 2120 1578 gentes

165 1611 535 1654 warantizabimus
556 1611 891 1667 acquietabimus
912 1616 954 1654 et
985 1612 1264 1655 defendemus
1293 1613 1606 1669 inperpetuum.
1668 1612 1724 1655 In
1756 1613 1879 1669 cujus
1908 1614 1970 1656 rei
1999 1613 2117 1656 testi-

163 1702 358 1744 monium
377 1701 478 1744 huic
497 1703 684 1757 presenti
705 1708 818 1745 carte
839 1718 931 1745 mee
953 1703 1145 1759 sigillum
1165 1719 1309 1746 meum
1330 1704 1519 1760 apposui.
1581 1704 1685 1746 Hiis
1705 1705 1883 1746 testibus
1905 1738 1914 1746 .
1937 1706 2122 1747 dominis

164 1792 196 1836 J
197 1807 385 1835 onANNE
406 1794 459 1836 de
479 1794 522 1835 la
542 1793 702 1846 BEER2
726 1794 836 1836 Ros.
860 1796 912 1836 de
934 1795 976 1836 la
996 1794 1151 1847 ΜΑΒΕ,
1173 1795 1383 1838 militibus
1400 1812 1410 1848 3
1442 1795 1549 1838 JOH.
1573 1797 1625 1838 de
1657 1795 1883 1848 PENREEQ
1916 1796 2121 1839 RmARoo

169 1883 420 1936 MAUNXEL,
443 1883 648 1926 RchRno
669 1885 721 1926 de
741 1885 784 1926 la
805 1884 950 1926 BEER’
973 1888 1016 1927 et
1035 1886 1130 1927 aliis
1149 1885 1309 1927 multis.

223 1974 389 2017 Datum
409 1976 525 2031 apud
545 1974 956 2018 SCURLAGISCASTEL
976 1976 1174 2019 vicesimo
1195 1977 1332 2032 primo
1354 1977 1422 2019 die
1443 1977 1599 2019 mensis
1628 1977 1822 2020 Octobris
1853 1993 1964 2020 anno
1996 1978 2121 2034 regni

164 2064 301 2121 Regis
321 2065 549 2108 EDWARm
572 2067 689 2108 tercii
709 2071 804 2122 post
826 2070 1103 2122 conquestum
1122 2067 1334 2110 tricesimo
1356 2068 1519 2123 quinto.

225 2156 386 2199 Round
407 2157 505 2209 scal,
527 2158 602 2199 red
622 2173 730 2210 wax,
755 2158 840 2200 lin.
864 2158 992 2200 diam.
1054 2158 1098 2200 A
1119 2158 1255 2201 shield
1276 2159 1321 2201 of
1351 2174 1476 2212 arms,
1498 2160 1617 2202 three
1637 2159 1746 2202 bars.
1809 2160 2013 2202 Between
2033 2164 2118 2203 two

165 2247 332 2303 slipped
351 2247 527 2300 flowers,
550 2249 636 2290 and
656 2248 809 2290 within
830 2264 856 2290 a
876 2250 1033 2304 cusped
1055 2249 1210 2292 Gothic
1230 2250 1369 2305 panel.

730 2344 793 2388 ΩΙ-
822 2354 1037 2383 SIGILLUM
1061 2374 1069 2382 .
1094 2354 1278 2382 RICARDI
1301 2374 1309 2383 .
1334 2341 1557 2383 sommam?

222 2429 519 2471 Endorsed—-‘
534 2430 780 2472 Manerium
801 2432 853 2473 de
875 2431 1127 2488 Langewy‚'
1151 2433 1236 2473 and
1259 2435 1268 2454 ‘
1286 2431 1490 2487 Scurlage
1508 2432 1678 2484 Castell‚
1700 2432 1858 2488 Burry,
1882 2435 1923 2475 et
1943 2437 2056 2474 terra
2070 2433 2118 2475 in

163 2519 424 2562 Landimore
445 2535 542 2563 cum
563 2536 676 2564 man.
701 2523 753 2564 de
774 2521 1068 2579 Langeweth.'
1131 2526 1140 2544 ‘
1159 2521 1513 2565 Schurlocastell.'
