2386 3645
341 302 452 344 1208

278 507 411 550 fuerit
439 507 529 550 sine
549 507 753 550 dilatione
772 506 954 549 mittatis
974 508 1017 548 et
1035 505 1114 548 hoc
1136 505 1274 556 breve,
1297 520 1373 547 nos
1393 506 1446 547 de
1465 507 1555 547 toto
1582 505 1696 546 facto
1716 506 1853 546 vestro
1873 519 1922 546 ac
1942 504 1994 546 de
2014 503 2223 546 thesauris

276 598 388 641 vasis
415 597 622 654 jocalibus
651 597 877 639 armaturis
907 600 949 638 et
978 596 1072 638 aliis
1100 596 1223 638 bonis
1253 599 1295 637 et
1325 595 1488 637 catallis
1517 594 1717 650 predictis
1746 610 1794 636 ac
1824 595 1877 636 de
1907 609 2053 636 eorum
2081 594 2216 650 pretio

278 689 473 732 similiter
491 689 678 732 reddatis
699 688 896 731 distincte
925 691 968 729 et
999 690 1141 743 aperte
1166 687 1255 728 sine
1280 686 1484 728 dilatione
1512 686 1719 728 certiores.
1781 685 2084 727 Mandavimus
2103 685 2218 727 enim

277 780 430 823 dilecto
465 784 508 823 et
531 781 648 823 fideli
671 782 812 822 nostro
834 779 1091 822 WILLELMo
1115 778 1158 819 la
1187 777 1373 819 ZOUHE
1404 776 1576 818 domino
1603 778 1812 818 terrarum
1832 775 2132 831 praedictarum
2153 776 2220 818 vel

278 871 372 927 ejus
391 871 529 913 locum
558 871 723 913 tenenti
751 871 864 926 quod
896 870 950 911 ad
978 872 1111 911 certos
1139 868 1228 909 dies
1255 870 1297 909 et
1325 867 1416 909 loca
1448 881 1551 921 quos
1579 880 1652 907 vos
1679 867 1746 907 vel
1774 867 1858 907 duo
1880 869 2067 908 vestrum
2092 867 2131 907 ei
2150 866 2219 908 vel

273 961 368 1017 ejus
402 961 541 1004 locum
573 961 737 1004 tenenti
769 960 871 1003 scire
900 959 1067 1001 faciatis
1087 958 1229 1000 venire
1257 957 1424 998 faciatis
1444 971 1584 999 coram
1606 955 1724 998 vobis
1745 956 1812 998 vel
1833 955 1997 998 duobus
2027 960 2215 999 vestrum

276 1053 342 1094 tot
369 1055 412 1094 et
437 1053 544 1094 tales
574 1051 726 1107 probos
754 1056 796 1093 ct
821 1051 980 1106 legales
1009 1048 1199 1091 homines
1225 1049 1277 1089 (19
1302 1046 1494 1102 partibus
1521 1046 1735 1102 praedictis
1756 1049 1845 1088 tam
1869 1046 1984 1088 infra
2003 1046 2220 1089 libertates

275 1157 404 1198 quam
424 1144 544 1184 extra
563 1157 638 1197 per
658 1156 762 1197 quos
783 1143 859 1183 etc.
876 1142 919 1182 et
939 1139 1110 1195 inquiri.
1163 1137 1219 1180 In
1241 1137 1308 1193 cuj
1316 1152 1363 1179 us
1384 1140 1460 1179 etc.
1513 1136 1639 1179 Teste
1660 1136 1782 1192 Rege
1803 1138 1918 1192 apud
1940 1137 2217 1179 GULDEFORD

271 1240 357 1275 xx0·
380 1233 448 1274 die
468 1232 642 1288 Aprilis.
704 1231 787 1274 Per
815 1230 1048 1273 consilium.
1115 1228 1232 1285 [Pat.
1268 1229 1320 1271 10
1348 1227 1476 1269 Enw.
1508 1226 1600 1269 III.
1626 1242 1723 1283 pars
1755 1227 1777 1268 1
1803 1261 1811 1269 .
1834 1242 1890 1269 m.
1917 1228 1969 1269 19
1993 1262 2001 1269 .
2025 1227 2185 1285 dorso]

329 1322 418 1359 This,
434 1322 572 1351 without
587 1322 699 1358 doubt,
714 1321 830 1350 relates
853 1324 887 1349 to
909 1320 1057 1358 persona]
1079 1321 1244 1357 property,
1258 1318 1378 1355 jewels,
1393 1317 1491 1355 plate‚
1507 1317 1571 1346 and
1593 1317 1648 1346 the
1670 1317 1745 1354 1ike‚
1761 1317 1882 1346 carried
1900 1317 1979 1346 with
1994 1317 2132 1347 Edward
2151 1317 2207 1348 the

284 1377 330 1407 ΙΙ.
346 1378 438 1407 when
460 1378 500 1407 he
521 1378 582 1407 fied
605 1381 638 1406 to
654 1378 780 1415 Lundy,
800 1377 863 1405 and
885 1376 999 1405 thence
1020 1384 1109 1404 came
1131 1374 1213 1403 back
1229 1379 1263 1403 to
1286 1373 1498 1402 Llantrisant.
1555 1374 1650 1402 After
1671 1382 1689 1402 a
1704 1373 1794 1410 lapse
1815 1373 1848 1402 of
1871 1376 1924 1402 ten
1941 1382 2032 1411 ¹years
2048 1374 2081 1403 iu
2095 1383 2115 1403 a
2130 1373 2205 1403 wild

279 1436 419 1472 country
435 1433 524 1463 there
539 1433 633 1462 could
647 1433 730 1462 have
745 1433 823 1462 been
840 1433 899 1461 but
914 1430 1007 1460 small
1024 1429 1231 1468 expectation
1247 1430 1280 1458 of
1295 1438 1360 1467 any
1376 1438 1526 1467 recovery
1542 1429 1574 1457 of
1590 1428 1800 1466 importunes.

1073 1618 1409 1663 DOOOGLXV.

268 1730 483 1775 ROYAL
523 1731 693 1775 WRIT
744 1730 820 1772 TO
873 1729 1003 1772 THE
1053 1727 1424 1771 ESOHEATOR
1475 1726 1665 1770 OITRA
1714 1726 2036 1780 TRENTAM,
2088 1726 2214 1770 ΝΟΤ

410 1822 486 1865 ΤΟ
527 1820 772 1864 MOLEsT
813 1820 944 1863 THE
985 1818 1215 1863 BISHOP
1248 1818 1382 1861 AND
1427 1817 1722 1861 OHAPTER
1755 1817 1834 1859 OF
1870 1816 2213 1860 LLANDAFF

407 1913 479 1956 IN
520 1911 724 1955 THEIR
764 1910 1125 1954 POSSESSION
1166 1910 1244 1952 OF
1285 1909 1415 1952 THE
1458 1908 1682 1951 MANOR
1719 1907 1796 1950 OF
1831 1907 2211 1952 AROLESTON.

654 2019 783 2076 [Ror.
819 2019 977 2062 Omns.
1010 2032 1132 2060 ANNO
1167 2019 1218 2059 10
1250 2017 1379 2059 Enw,
1413 2016 1519 2067 III„
1552 2030 1695 2058 MEMB.
1732 2015 1822 2072 15.]

677 2126 751 2183 [B.
786 2126 975 2177 Wmms,
1009 2125 1194 2167 SURVEY
1225 2139 1278 2165 OF
1310 2123 1573 2174 LIANDAFF,
1606 2138 1645 2178 p.
1683 2121 1803 2178 161]

1344 2231 1399 2272 26
1430 2230 1557 2272 SEPT.
1624 2231 1675 2271 10
1707 2230 1836 2272 Enw.
1870 2228 1960 2271 III.
2028 2231 2152 2272 1336.

318 2326 446 2369 Carta
488 2325 620 2381 Regis
659 2326 712 2367 de
751 2324 989 2380 messuagio
1030 2339 1118 2366 una
1160 2326 1354 2365 carucata
1394 2326 1503 2364 terre
1543 2322 1588 2364 in
1623 2322 1900 2372 ARCLESTON,
1937 2326 1980 2362 et
2019 2321 2208 2364 manerio

261 2418 314 2459 de
343 2417 605 2459 ARCLESTON
629 2415 927 2457 LANDAVENSI
949 2414 1120 2456 ecclesie
1141 2428 1349 2456 concessa.

319 2508 416 2550 Rex
446 2507 599 2550 dilecto
630 2509 672 2548 et
703 2506 818 2548 fideli
849 2520 923 2548 suo
954 2504 1212 2549 W1LLELMo
1243 2503 1457 2555 TRUssEI„
1489 2502 1689 2545 escaetori
1721 2517 1795 2544 suo
1826 2502 1939 2544 ultra
1970 2501 2208 2555 ΤΒΕΝΤΑΜ,

264 2598 459 2641 salutem.

322 2689 435 2736 Quia
471 2688 709 2744 accepimus
744 2702 819 2742 per
853 2686 1175 2742 inquisitionem
1205 2701 1334 2742 quam
1375 2700 1511 2740 nuper
1540 2699 1616 2740 per
1646 2697 1718 2726 vos
1754 2683 1845 2725 fieri
1875 2682 2065 2733 fecimus,
2097 2684 2211 2739 quod

260 2779 546 2824 WILLELMUS
587 2779 640 2820 de
693 2777 955 2830 fflnmomz,
993 2778 1207 2832 quondam
1243 2775 1531 2818 thesaurarius
1571 2774 1906 2825 LANDAVENSIS,
1941 2788 2016 2829 per
2052 2777 2212 2816 cartam

260 2885 380 2914 suam
410 2871 554 2912 decem
583 2868 707 2910 annis
737 2868 889 2924 elapsis
917 2871 1016 2910 ante
1036 2867 1369 2924 publicationem
1391 2866 1540 2908 statuti
1571 2866 1623 2908 de
1654 2865 1777 2907 terris
1808 2868 1850 2906 et
1879 2864 2133 2907 tenementis
2153 2865 2209 2907 ad

256 2975 433 3004 manum
467 2962 679 3002 mortuam
713 2973 800 3001 non
831 2959 1039 3014 ponendis
1070 2958 1173 3000 editi
1204 2958 1323 3001 dedit
1358 2961 1400 2999 et
1431 2956 1633 3000 concessit
1675 2969 1811 2997 unum
1850 2955 2137 3011 messuagium
2168 2958 2209 2997 et

257 3065 389 3095 unam
410 3053 648 3094 carucatam
668 3053 779 3092 terre
800 3064 897 3092 cum
916 3049 1184 3105 pertinentiis
1204 3048 1250 3091 in
1266 3047 1560 3099 ARcLESTON,¹
1594 3061 1641 3088 ac
1663 3045 1791 3088 etiam
1811 3048 1950 3088 totum
1969 3045 2209 3088 manerium
