2386 3645
1962 308 2070 350 1431

939 505 1267 551 MLXXVIII.

125 612 605 660 ADJUDICATION
641 613 729 657 BY
758 613 788 657 J
791 612 928 656 OHN
963 613 1316 668 BURGHILL,
1347 615 1576 659 BISHOP
1607 617 1686 660 OF
1714 619 2069 675 LLANDAFF,

270 705 394 749 FOR
434 705 567 748 THE
608 703 895 748 PRESENT
935 704 1177 749 REPAIR
1212 705 1291 749 OF
1326 706 1457 750 THE
1492 707 1789 753 GHANOEL
1828 711 1906 754 OF
1940 712 2071 757 THE

270 796 538 840 GHUROH
595 795 674 839 OF
727 795 974 839 KENFIG
1023 796 1111 839 BY
1160 796 1606 842 TEWKESBURY
1655 800 1886 854 ABBEY,
1937 804 2070 848 AND

269 887 367 932 ITS
416 885 680 930 FUTURE
729 885 1199 930 MAINTENANOE
1239 887 1328 930 BY
1366 887 1498 931 THE
1538 889 1765 934 VIOARS
1815 891 1894 935 OF
1942 893 2072 938 THE

273 977 553 1022 GHURCH.

845 1051 1076 1108 [MARGAM
1107 1051 1361 1110 CHARTER]

1615 1130 1668 1172 10
1699 1130 1832 1174 JULY.
1895 1133 2019 1175 1397.

183 1236 213 1280 J
215 1249 426 1278 OHANNES
461 1234 737 1290 permissione
779 1234 925 1277 divina
960 1234 1178 1290 episcopus
1217 1234 1540 1278 LANDAVENSIS
1572 1237 1780 1281 universis
1815 1242 1858 1282 et
1897 1240 2076 1296 singulis

124 1327 314 1371 GHmsrr
336 1325 535 1369 fidelibus
555 1331 770 1382 presentes
790 1325 955 1368 litteras
974 1328 1138 1368 nostras
1157 1325 1410 1382 inspecturis
1431 1327 1613 1370 salutem
1628 1327 1675 1370 in
1695 1331 1864 1373 auctore
1886 1331 2046 1374 salutis.

184 1418 403 1462 Noveritis
432 1433 510 1461 nos
539 1432 676 1474 nuper
696 1417 913 1461 civitatem
932 1421 975 1460 et
1005 1417 1204 1460 diocesim
1224 1421 1390 1461 nostras
1409 1433 1457 1460 ac
1477 1419 1694 1462 ecclesiam
1713 1421 1997 1476 parochialem
2027 1423 2079 1466 de

124 1510 342 1554 KENFEK'
384 1514 527 1553 nostre
566 1509 776 1553 dioceseos
816 1509 1038 1552 actualiter
1077 1510 1299 1552 visitantes
1333 1512 1377 1553 et
1415 1511 1650 1554 cancellum
1683 1512 1793 1555 dicte
1825 1513 1994 1556 ecclesie
2026 1514 2072 1556 in

124 1602 296 1645 defectu
337 1599 620 1657 reparacionis
655 1600 933 1653 invenientes,
967 1600 1088 1656 quasi
1128 1615 1320 1643 eversum
1359 1615 1434 1644 seu
1468 1601 1730 1644 destructum
1764 1605 1808 1645 et
1840 1603 1965 1646 ruina
1996 1604 2080 1646 col-

122 1693 304 1750 lapsum,
338 1692 528 1735 volentes
563 1706 615 1734 ex
650 1691 852 1747 pastorali
887 1691 1022 1734 nostri
1052 1692 1177 1734 officii
1212 1691 1357 1734 debito
1389 1692 1523 1735 dictos
1557 1692 1748 1736 defectus
1787 1695 1994 1751 corrigere
2035 1698 2078 1738 et

123 1785 350 1829 emendare
390 1798 466 1840 per
497 1783 608 1826 viros
638 1782 877 1838 fidedignos
917 1784 963 1825 in
995 1782 1134 1825 forma
1173 1783 1282 1839 juris
1320 1783 1485 1840 juratos
1520 1784 1575 1826 ad
1614 1798 1741 1839 quem
1775 1799 1849 1828 seu
1884 1786 1939 1828 ad
1974 1800 2078 1842 quos

120 1876 334 1933 reparacio
374 1875 478 1918 dicti
517 1874 696 1917 cancelli
734 1874 921 1930 pertinet
960 1889 1034 1917 seu
1073 1874 1282 1930 pertinuit
1320 1875 1584 1930 temporibus
1616 1875 1746 1932 lapsis
1785 1880 1828 1919 et
1862 1877 2074 1933 pertinere

123 1967 296 2011 deberet
315 1967 363 2009 in
392 1966 590 2009 futurum
628 1998 637 2008 .
674 1965 835 2022 inquiri
866 1965 1046 2008 fecimus
1080 1965 1322 2022 diligenter.
1384 1965 1441 2009 In
1474 1981 1558 2022 qua
1589 1967 1762 2023 quidem
1796 1967 2074 2024 inquisicione

123 2058 368 2102 invenimus
399 2057 563 2113 aliquos
593 2056 816 2100 asseruisse
847 2060 889 2099 et
920 2057 1162 2113 deposuisse
1193 2057 1248 2099 ad
1277 2057 1482 2100 vicarium
1511 2058 1564 2100 de
1589 2057 1804 2100 KENFEK'
1826 2058 2076 2115 hujusmodi

124 2148 440 2206 reparacionem
460 2147 715 2204 pertinuisse
736 2150 778 2190 et
799 2147 1011 2203 pertinere
1041 2147 1192 2190 debere
1212 2148 1259 2190 in
1278 2148 1476 2190 futurum
1505 2162 1657 2204 eosque
1688 2149 1842 2191 vidisse
1870 2149 2075 2192 vicarium

125 2241 237 2283 dicte
273 2239 443 2282 ecclesie
476 2238 726 2295 hujusmodi
766 2253 980 2295 reparasse
1013 2238 1100 2282 suis
1138 2238 1378 2295 sumptibus
1410 2242 1453 2282 et
1487 2240 1693 2296 expensis,
1731 2240 1894 2296 aliquos
1929 2244 2073 2284 autem

124 2330 374 2388 hujusmodi
403 2329 718 2385 reparacionem
748 2330 804 2372 ad
833 2330 1084 2373 reverendos
1103 2332 1147 2372 et
1166 2330 1383 2386 religiosos
1403 2330 1514 2373 viros
1534 2330 1733 2374 abbatem
1753 2334 1796 2374 et
1816 2335 2073 2375 conventum

124 2421 374 2466 monasterii
421 2420 544 2463 beate
593 2419 754 2463 MARm
805 2421 858 2463 de
907 2420 1216 2463 TEUKESBURY
1268 2420 1623 2464 WYGoRNIENsrs
1672 2422 1882 2465 dioceseos
1933 2423 2068 2479 ipsam

126 2513 343 2557 ecclesiam
384 2512 431 2554 in
465 2511 656 2568 proprios
690 2526 791 2554 usus
831 2512 1030 2554 canonice
1065 2512 1305 2567 optinentes
1341 2514 1546 2568 tanquam
1580 2513 1732 2556 rectori
1763 2513 1867 2556 dicti
1905 2514 2073 2557 ecclesie

122 2605 177 2648 de
196 2603 411 2648 KENFEG'
434 2606 621 2659 spectare
642 2605 685 2645 et
713 2605 933 2658 spectasse,
957 2603 1062 2645 alios
1082 2617 1179 2645 vero
1200 2603 1360 2646 dictam
1388 2603 1702 2659 reparacionem
1733 2605 1788 2646 ad
1817 2606 2068 2648 reverendos

126 2698 170 2739 et
215 2694 437 2751 religiosos
475 2693 587 2736 viros
636 2692 835 2736 abbatem
885 2696 928 2735 et
963 2697 1220 2736 conventum
1260 2694 1313 2736 de
1353 2693 1556 2736 MORGAN
1591 2694 1702 2737 dicte
1751 2694 2073 2738 LANDAVENSIS

126 2786 335 2829 dioceseos
375 2784 585 2827 dictorum
625 2783 921 2840 religiosorum
953 2784 1141 2827 virorum
1182 2785 1234 2827 de
1267 2783 1575 2827 TEUKESBURY
1614 2785 1820 2828 firmarios
1848 2790 2074 2842 perpetuos

126 2880 333 2932 spectasse
373 2878 417 2917 et
455 2876 642 2930 spectare
683 2873 835 2916 debere
869 2874 915 2917 in
955 2874 1164 2918 futurum.
1226 2875 1320 2919 Nos
1350 2889 1450 2918 vero
1481 2875 1670 2918 volentes
1704 2890 1829 2932 super
1860 2876 2073 2932 premissis

124 2966 280 3010 melius
314 2964 533 3008 cerciorari
571 2967 615 3006 et
654 2962 878 3006 informari
912 2965 1047 3007 dictos
1081 2964 1279 3008 abbatem
1313 2969 1357 3008 et
1391 2968 1647 3008 conventum
1680 2967 1734 3009 de
1769 2965 2076 3010 TEUKESBURY

124 3056 324 3100 abbatem
360 3058 403 3098 et
434 3058 692 3098 conventum
727 3055 779 3099 de
814 3053 1017 3097 Monam
1051 3088 1062 3098 .
1099 3070 1264 3099 necnon
1299 3055 1329 3100 J
1331 3062 1556 3098 OHANNEM
1589 3056 1751 3100 TUDER
1786 3057 1990 3101 vicarium
2024 3059 2076 3101 de
