2386 3645
1936 299 2046 339 1593

250 495 442 537 tancium
474 497 528 538 ad
561 498 751 539 eandem.
813 497 1030 540 Habenda
1065 499 1145 541 sibi
1182 501 1386 555 quamdiu
1420 501 1592 544 abbatia
1623 503 1698 544 illa
1734 503 1811 545 sub
1845 504 2105 559 proteccione

253 586 437 628 tuicione
472 590 514 629 et
546 587 790 629 defensione
825 589 978 630 nostris
1012 593 1183 645 propter
1210 591 1526 633 contencionem
1561 593 1793 647 predictam
1831 594 2106 636 indiscussam

253 678 479 733 contigerit
514 693 741 720 remanere.
804 678 979 721 Proviso
1021 694 1184 735 semper
1223 682 1336 736 quod
1377 682 1479 724 dicti
1519 682 1691 724 abbates
1730 684 1781 725 de
1821 683 2022 726 Momm
2063 688 2105 726 et

254 767 573 810 WHITELONDE
595 770 705 811 bona
726 772 767 811 et
788 770 1055 812 revenciones
1075 771 1185 813 dicte
1206 771 1373 814 abbatie
1393 776 1533 814 nostre
1554 774 1606 815 de
1627 772 1801 815 STRATA
1829 774 2033 816 FLORIDA
2059 775 2104 816 in

253 862 463 914 quantum
502 859 697 915 possibile
727 865 790 902 est
822 860 982 903 eisdem
1015 861 1171 917 absque
1207 866 1325 905 vasto
1358 879 1430 905 seu
1462 864 1737 919 dissipacione
1770 866 1997 907 eorundem
2030 880 2106 920 pro

253 949 563 1005 indempnitate
585 951 696 993 dicte
716 951 866 993 domus
887 951 1068 993 fideliter
1099 957 1345 995 conservent
1375 956 1417 995 et
1444 954 1604 996 faciant
1639 955 1885 997 conservari.
1947 955 2015 997 Sic
2048 955 2109 997 ita

253 1041 424 1097 speciali
445 1043 558 1097 quod
577 1042 719 1084 neutri
740 1042 950 1085 dictorum
972 1042 1221 1086 WILLELMI
1244 1049 1284 1086 et
1311 1045 1341 1087 J
1343 1060 1542 1087 OHANNIS
1569 1061 1644 1101 pro
1674 1046 1769 1101 jure
1797 1046 1912 1088 illius
1942 1045 2108 1088 abbatie

254 1136 395 1174 nostre
444 1133 502 1175 sic
552 1134 902 1176 contendencium
952 1135 1005 1176 de
1055 1134 1175 1177 bonis
1225 1138 1266 1177 et
1315 1136 1635 1178 revencionibus
1689 1137 1882 1192 ejusdem
1941 1137 2108 1179 abbatie

255 1223 482 1279 quicquam
511 1225 777 1266 ministretur
806 1240 882 1267 nec
918 1240 992 1281 per
1028 1227 1195 1267 eosdem
1227 1228 1528 1269 contendentes
1558 1231 1633 1269 aut
1659 1242 1804 1269 eorum
1834 1228 2015 1269 alterum
2037 1232 2111 1270 aut

253 1313 437 1370 alicujus
472 1315 646 1357 alterius
675 1315 863 1371 ipsorum
893 1316 1066 1357 nomine
1099 1316 1261 1371 aliquid
1297 1318 1349 1359 de
1380 1317 1537 1359 eisdem
1569 1317 1690 1360 bonis
1719 1321 1762 1360 et
1794 1318 2112 1360 revencionibus

256 1406 348 1460 capi
388 1405 572 1461 expendi
612 1410 687 1447 aut
724 1406 956 1448 ministrari
997 1406 1319 1463 qu[0vismodo]
1364 1409 1649 1463 permittatur.
1730 1408 1815 1451 Sed
1855 1410 1968 1464 quod
2011 1409 2112 1451 dicti

254 1496 427 1539 abbates
456 1498 508 1539 de
538 1497 740 1539 MoRGAN
774 1502 816 1539 et
846 1496 1167 1541 WHITELONDE
1200 1514 1296 1540 cum
1321 1499 1437 1541 bonis
1458 1503 1499 1541 et
1529 1499 1846 1542 revencionibus
1866 1499 2114 1555 hujusmodi

255 1587 471 1630 abbatiam
490 1594 678 1630 nostram
698 1588 932 1643 predictam
953 1604 1000 1630 ac
1029 1589 1246 1644 religiosos
1275 1589 1434 1631 ibidem
1465 1589 1557 1631 Deo
1579 1590 1805 1632 servientes
1826 1594 1869 1632 et
1889 1592 2114 1632 servituros

258 1693 421 1720 necnon
471 1678 666 1720 divinum
718 1679 880 1720 cultum
931 1680 975 1720 in
1026 1681 1174 1721 eadem
1223 1684 1375 1736 regant
1425 1680 1663 1735 gubernent
1714 1685 2019 1723 manuteneant
2071 1685 2114 1722 et

256 1772 495 1811 sustentent
534 1770 730 1825 quodque
764 1770 846 1825 ipsi
887 1770 1078 1812 omm'um
1108 1771 1315 1812 bonorum
1355 1771 1578 1813 mobilium
1619 1771 1730 1814 dicte
1762 1771 1931 1813 abbatie
1973 1776 2115 1813 nostre

258 1860 383 1902 fidele
415 1861 704 1903 inventarium
729 1861 842 1903 inter
877 1876 919 1903 se
952 1868 994 1903 et
1030 1866 1285 1904 conventum
1318 1863 1506 1916 ejusdem
1539 1862 1808 1904 indentatum
1840 1878 1968 1918 quam
1990 1863 2114 1905 citius

255 1952 474 1993 commode
505 1950 643 1993 facere
674 1954 851 2007 possunt
874 1952 1033 1994 facient
1065 1955 1107 1993 et
1139 1951 1250 1994 bona
1270 1952 1345 1993 illa
1375 1953 1430 1994 ad
1451 1968 1575 1994 usum
1596 1953 1760 2008 prefate
1783 1953 1952 1995 abbatie
1973 1957 2113 1995 nostre

257 2045 428 2083 tantum
459 2046 587 2098 prout
626 2042 748 2085 nobis
782 2043 881 2084 inde
916 2044 1168 2098 respondere
1205 2043 1415 2085 voluerint
1451 2043 1632 2085 fideliter
1668 2044 1907 2086 custodiant
1939 2047 1981 2085 et
2017 2058 2112 2086 con-

258 2136 425 2174 servent
458 2148 505 2175 ac
541 2133 743 2188 quicquid
775 2133 876 2176 boni
907 2134 1044 2175 eidem
1074 2133 1242 2176 abbatie
1271 2137 1412 2175 nostre
1441 2134 1579 2176 facere
1601 2134 1667 2175 vel
1687 2149 1909 2190 procurare
1930 2134 2112 2185 valeant,

256 2224 361 2266 dum
383 2224 440 2265 sic
461 2224 693 2266 custodiam
714 2224 905 2280 regimen
927 2231 968 2267 et
990 2224 1345 2281 gubernacionem
1366 2225 1441 2266 illa
1461 2224 1688 2266 habuerint
1707 2225 1834 2281 juxta
1849 2240 1967 2280 posse
1989 2240 2113 2267 suum

258 2314 420 2356 faciant
450 2320 491 2356 et
521 2319 760 2370 procurent.
824 2314 988 2357 Damus
1021 2318 1164 2357 autem
1197 2315 1403 2357 universis
1433 2323 1474 2356 et
1510 2315 1691 2371 singulis
1723 2315 1752 2358 J
1755 2316 1975 2358 ustitiariis
2004 2316 2111 2357 vice-

257 2405 481 2448 comitibus
501 2405 798 2448 Escaetoribus
819 2406 999 2448 Ballivis
1020 2410 1062 2447 et
1082 2405 1286 2447 ministris
1307 2405 1461 2447 nostris
1481 2407 1704 2448 comitatus
1725 2407 1777 2448 de
1806 2405 2043 2448 CARDIGAN
2067 2407 2112 2448 in

257 2496 560 2538 SUTHWALLIA
577 2500 619 2538 et
635 2496 728 2538 aliis
741 2497 1075 2552 quibuscumque
1092 2511 1272 2552 quorum
1292 2497 1468 2539 interest
1487 2500 1631 2538 tenore
1651 2497 1913 2552 presencium
1934 2497 2110 2538 firmiter

258 2586 303 2628 in
325 2587 538 2628 mandatis
559 2588 672 2642 quod
691 2587 868 2642 prefatis
889 2587 1113 2629 abbatibus
1134 2588 1186 2628 de
1209 2587 1410 2628 MORGAN
1431 2592 1473 2628 et
1494 2586 1786 2630 WHITELOND
1817 2587 2109 2629 commissariis

256 2678 411 2719 nostris
431 2678 476 2719 in
497 2677 575 2719 hac
595 2682 716 2733 parte
735 2678 782 2720 in
802 2679 1051 2720 execucione
1073 2679 1371 2733 premissorum
1401 2677 1672 2720 intendentes
1701 2679 1965 2720 consulentes
1995 2678 2109 2720 favo-

258 2768 412 2810 rabiles
431 2768 517 2810 sint
538 2772 580 2811 et
600 2769 855 2811 auxiliantes
875 2775 1000 2824 prout
1031 2770 1150 2810 decet
1171 2773 1213 2811 et
1234 2769 1459 2810 necessitas
1490 2769 1550 2810 rei
1580 2769 1820 2823 expostulat
1850 2772 1893 2810 et
1921 2769 2110 2824 requirit.

260 2858 318 2900 In
339 2858 406 2914 cuj
412 2874 462 2901 us
481 2859 542 2900 rei
561 2859 855 2901 testimonium
875 2859 951 2901 has
971 2859 1116 2901 literas
1136 2866 1300 2901 nostras
1320 2859 1411 2900 fieri
1432 2859 1605 2901 fecimus
1624 2861 1831 2914 patentes.

319 2949 444 2992 Teste
478 2964 546 2991 me
580 2950 671 3005 ipso
707 2951 820 3005 apud
843 2950 1302 2993 WESTMONASTERIUM
1334 2964 1466 2991 xvul.
1500 2949 1568 2991 die
1598 2948 1820 2991 Februarii
1850 2964 1962 2991 anno
1991 2949 2114 3005 regni

262 3040 396 3082 nostri
415 3040 611 3082 vicesimo
632 3040 782 3095 primo.

373 3179 438 3214 8z
