2386 3645
267 277 378 319 1234

965 523 1401 568 DOGOOLXXVH.

204 649 596 694 INSPEXIMUS
673 650 760 692 BY
843 649 1012 692 JOHN
1095 648 1180 691 DE
1252 646 1691 698 EGLESOLIFFE‚
1771 644 1999 688 BISHOP
2070 643 2159 686 OF‘

348 740 705 792 LLANDAFF,
764 740 842 782 OF
907 740 950 782 A
1015 739 1186 782 BULL
1251 739 1329 781 OF
1392 738 1549 780 POPE
1614 735 1932 780 BONIFAGE
1993 734 2146 786 VIII„

350 831 561 874 DATED
630 832 746 873 ISTH
810 830 960 882 ΒΕΘ,
1024 831 1113 872 8ΤΗ
1183 830 1371 881 YEAR,
1453 830 1578 881 1302,
1659 825 1991 870 GRANTING
2052 824 2148 867 IM-

348 921 607 964 MUNITY
656 921 732 963 TO
784 920 1061 963 MARGAM
1112 919 1327 962 ABBEY
1376 919 1551 961 FROM
1601 917 1829 960 TITHES
1881 916 1965 959 ΟΝ
2016 915 2155 958 ΤΗΕ.

346 1012 563 1055 ABBEY
612 1011 833 1054 LANDS.

917 1101 1147 1158 [MARGAM
1179 1100 1436 1157 CHARTER]
1723 1100 1774 1141 13
1798 1099 1899 1141 OCT.
1963 1097 2088 1138 1339.

258 1210 487 1254 Universis
503 1210 545 1253 S.
568 1210 630 1252 M.
649 1225 683 1252 e.
703 1210 733 1252 f.
753 1211 808 1252 ad
829 1225 931 1265 quos
953 1211 1166 1265 presentes
1186 1209 1306 1250 litere
1327 1208 1620 1264 pervenerint.
1640 1208 1769 1249 frater
1789 1206 1819 1249 J
1821 1220 2031 1248 onANNEs
2046 1221 2087 1261 p.
2103 1206 2155 1248 d..

201 1302 418 1358 episcopus
439 1301 757 1343 LANDAVENsrs
779 1301 959 1342 salutem
979 1300 1025 1342 in
1046 1299 1234 1342 Domino
1256 1299 1568 1355 sempiternam.

254 1392 471 1435 Noveritis
504 1407 577 1434 nos
607 1391 660 1433 ob
691 1392 896 1447 quasdam
927 1406 1070 1433 causas
1100 1390 1319 1446 religiosos
1348 1390 1459 1432 viros
1491 1423 1499 1432 .
1535 1423 1543 1431 .
1577 1388 1774 1431 abbatem
1816 1390 1859 1430 et
1889 1389 2146 1430 conventum

194 1483 441 1526 monasterii
471 1484 523 1525 de
555 1482 759 1524 MARGAN
798 1481 1131 1524 Cls'rERCIENCIS
1172 1481 1332 1523 ordinis
1371 1483 1513 1523 nostre
1548 1480 1738 1535 dyocesis
1771 1481 2070 1521 concernentes
2103 1481 2146 1521 et

190 1589 330 1617 coram
351 1574 472 1616 nobis
492 1573 753 1629 judicialiter
773 1572 957 1628 agitatas
980 1605 988 1613 .
1013 1572 1177 1614 litteras
1197 1571 1446 1628 apostolicas
1460 1587 1545 1613 non
1559 1571 1737 1614 abolitas
1756 1604 1764 1612 .
1784 1585 1868 1612 non
1886 1584 2000 1612 rasas
2023 1603 2031 1612 .
2056 1584 2143 1611 non

193 1664 428 1708 cancelatas
450 1698 458 1706 .
482 1679 559 1705 nec
588 1663 634 1705 in
664 1663 806 1718 aliqua
835 1677 980 1704 earum
1004 1664 1123 1717 parte
1159 1662 1333 1704 viciatas
1365 1695 1374 1703 .
1407 1661 1649 1717 inspexisse.
1714 1660 1908 1707 Quarum
1948 1662 2070 1702 tenor
2095 1660 2147 1702 de

194 1755 321 1798 verbo
343 1756 398 1796 ad
418 1754 595 1797 verbum
616 1754 807 1809 sequitur
827 1753 1134 1808 infrascriptus.

250 1846 537 1888 BONEFAcms
559 1845 778 1900 episcopus
800 1858 942 1885 servus
963 1859 1178 1886 servorum
1199 1843 1283 1885 Dei
1307 1876 1314 1885 .
1338 1843 1503 1885 dilectis
1523 1842 1622 1884 filiis
1652 1842 1860 1884 universis
1890 1841 2115 1884 abbatibus
2137 1875 2146 1883 .

191 1936 415 1979 abbatissis
445 1970 453 1978 .
485 1938 528 1977 et
558 1934 835 1977 conventibus
865 1934 1026 1976 ordinis
1057 1933 1385 1976 CISTERCIENSIS
1416 1936 1506 1976 tam
1535 1948 1576 1989 p.
1610 1948 1738 1988 quam
1769 1933 1796 1975 f.
1840 1933 2021 1974 salutem
2058 1966 2067 1975 .
2106 1934 2149 1974 et

193 2027 467 2084 apostolicam
487 2026 838 2069 benedictionem.
892 2025 948 2067 In
969 2025 1138 2067 ecclesie
1159 2025 1427 2067 firmamento
1449 2027 1584 2066 vester
1601 2024 1702 2065 ordo
1724 2024 1861 2065 nitore
1882 2023 1993 2065 claro
2010 2038 2148 2065 corus-

194 2134 294 2161 cans
307 2117 589 2160 universalem
606 2116 749 2173 gregis
769 2116 988 2159 Dominici
1005 2116 1147 2157 aulam
1167 2115 1385 2157 illuminat
1401 2149 1409 2157 .
1430 2118 1472 2157 et
1493 2114 1759 2157 currentibus
1774 2114 1820 2156 in
1836 2114 1971 2156 stadio
1985 2116 2149 2156 rectum

192 2210 274 2252 iter
297 2209 487 2251 insinuat
520 2242 528 2250 .
562 2223 646 2263 quo
676 2208 730 2249 ad
761 2207 909 2249 salutis
939 2206 1135 2249 bravium
1166 2206 1334 2248 facilius
1364 2206 1611 2261 pervenitur
1642 2238 1651 2247 .
1684 2220 1761 2247 nos
1792 2204 1965 2260 quidem
1996 2203 2048 2247 ob
2069 2204 2149 2247 hoc

195 2304 238 2343 et
257 2303 429 2357 propter
448 2314 604 2356 magne
626 2298 866 2341 devocionis
887 2298 1088 2340 affectum
1111 2313 1237 2353 quem
1258 2298 1312 2339 ad
1333 2312 1408 2339 nos
1429 2300 1471 2339 et
1492 2296 1765 2352 apostolicam
1786 2296 1928 2337 sedem
1949 2295 2114 2337 habetis
2138 2329 2146 2338 .

194 2393 388 2435 ordinem
408 2392 549 2447 ipsum
570 2406 617 2432 ac
638 2406 711 2432 vos
733 2394 774 2432 et
796 2390 900 2432 alios
921 2389 1114 2445 ejusdem
1144 2389 1305 2432 ordinis
1335 2389 1589 2444 professores
1619 2388 1773 2430 intima
1804 2387 1978 2429 caritate
2008 2401 2147 2443 prose-

197 2484 368 2539 quimur
402 2515 411 2524 .
446 2497 493 2524 ac
526 2481 697 2524 sinceris
730 2480 952 2523 affectibus
992 2481 1225 2522 excitamur
1265 2480 1320 2521 ad
1354 2482 1493 2522 vestra
1525 2481 1568 2521 et
1602 2479 1774 2520 illorum
1804 2478 2023 2520 commoda
2057 2511 2066 2518 .
2101 2477 2149 2519 in

195 2574 349 2631 quibus
368 2573 543 2615 honeste
564 2587 786 2628 possumus
813 2572 1112 2627 promovenda.
1174 2570 1363 2626 Ideoque
1394 2571 1692 2626 premissorum
1721 2568 1884 2611 intuitu
1905 2571 1946 2610 et
1971 2567 2149 2610 obtentu

198 2665 342 2708 dilecti
370 2664 448 2706 filii
475 2663 609 2706 nostri
637 2663 843 2705 Rossmm
871 2663 998 2704 titulo
1029 2662 1184 2705 Sancte
1216 2662 1504 2703 POTENCIANE
1539 2659 1777 2716 presbyteri
1814 2658 2038 2701 cardinalis
2074 2658 2148 2714 qui

193 2760 400 2813 tanquam
426 2755 583 2811 prefati
614 2754 773 2797 ordinis
802 2769 928 2809 quem
959 2754 1171 2809 professus
1203 2754 1347 2796 existit
1376 2755 1590 2809 promotor
1615 2752 1807 2794 assiduus
1837 2785 1845 2793 .
1878 2750 2148 2793 necessitates

193 2853 354 2891 vestras
375 2849 418 2889 et
438 2847 541 2888 dicti
561 2845 720 2888 ordinis
741 2845 862 2887 nobis
880 2848 1120 2887 reverenter
1140 2845 1335 2901 exposuit
1357 2878 1366 2887 .
1390 2847 1433 2887 et
1452 2859 1577 2900 super
1597 2843 1683 2885 illis
1698 2845 1838 2885 nostre
1858 2841 2148 2898 promissionis

194 2938 405 2982 auxilium
435 2936 680 2992 imploravit
712 2970 720 2979 .
747 2936 882 2980 Vobis
918 2936 1167 2978 auctoritate
1202 2935 1466 2992 presencium
1501 2935 1775 2990 indulgemus
1810 2967 1818 2975 .
1854 2936 1903 2975 ut
1937 2934 1989 2976 de
2025 2932 2148 2975 terris

195 3029 345 3073 vestris
374 3028 499 3070 cultis
520 3030 563 3070 et
583 3027 756 3069 incultis
776 3028 832 3069 ad
855 3027 1048 3069 ordinem
1068 3029 1257 3070 vestrum
1285 3025 1574 3082 spectantibus
1597 3059 1604 3068 .
1629 3040 1734 3081 quas
1763 3024 1857 3066 aliis
1888 3023 2150 3066 concessistis

2265 878 2282 904 Χ
