2386 3645
1938 321 2047 362 1477

160 525 345 568 ANGLIE
366 526 412 568 in
433 526 569 582 capite
590 525 720 568 tentis
752 559 760 567 .
793 526 860 568 Ac
880 525 1014 567 eciam
1038 525 1290 567 donaciones
1321 525 1600 568 alienaciones
1631 530 1673 568 et
1700 527 2024 582 perquisiciones
2050 528 2105 570 ad

161 631 338 659 manum
357 619 571 658 mortuam
586 615 720 658 factas
741 619 784 657 et
803 615 971 658 habitas
992 615 1150 671 absque
1169 615 1341 658 licentia
1364 615 1483 671 regia
1503 631 1668 658 necnon
1688 617 1950 659 omnimodos
1969 618 2104 660 intru-

162 707 298 749 siones
319 710 361 748 et
380 707 595 762 ingressus
614 721 690 762 per
709 706 821 762 ipsos
841 707 887 748 in
908 706 1188 749 hereditatem
1209 720 1330 748 suam
1350 706 1397 748 in
1417 708 1536 762 parte
1557 707 1625 748 vel
1644 707 1691 748 in
1711 710 1800 749 toto
1821 712 2106 762 postmortem

161 802 470 839 antecessorum
483 811 656 838 suorum
669 795 826 852 absque
839 796 983 839 debita
995 797 1290 852 prosecucione
1305 796 1498 852 ejusdem
1511 799 1632 838 extra
1643 812 1820 838 manum
1832 798 1994 853 regiam
2009 801 2108 840 ante

162 888 346 929 eundem
368 890 564 929 octavum
584 887 699 929 diem
719 887 968 930 Decembris
984 887 1119 930 factos
1139 903 1226 930 una
1246 902 1342 930 cum
1363 887 1547 930 exitibus
1567 890 1610 930 et
1629 887 1825 943 proficuis
1845 888 1944 930 inde
1969 889 2109 931 medio

158 981 347 1034 tempore
366 979 572 1034 perceptis
605 1012 613 1021 .
646 978 712 1021 Ac
733 979 867 1021 eciam
887 979 1216 1035 perdonavimus
1236 982 1278 1022 et
1298 979 1584 1021 relaxavimus
1605 980 1762 1021 eisdem
1779 978 1923 1021 abbati
1944 984 1985 1022 et
2013 995 2108 1022 con-

163 1070 311 1112 ventui
332 1070 595 1112 omnimodos
615 1070 720 1112 fines
734 1069 804 1126 adj
811 1070 1000 1112 udicatos
1013 1070 1339 1112 amerciamenta
1354 1070 1492 1113 exitus
1505 1069 1739 1112 forisfaotos
1751 1070 1908 1112 relevia
1924 1071 2113 1127 scutagia

161 1175 208 1202 ac
229 1160 473 1202 omnimoda
503 1159 646 1202 debita
677 1166 870 1216 compota
900 1161 1077 1217 prestita
1108 1161 1322 1217 arrei-agia
1353 1161 1572 1203 firmarum
1601 1164 1644 1203 et
1675 1165 1964 1216 compotorum
1993 1161 2113 1204 nobis

162 1251 360 1294 vicesimo
395 1251 532 1306 primo
574 1251 643 1293 die
673 1250 828 1293 Marcii
867 1266 980 1294 anno
1020 1252 1144 1307 regni
1173 1252 1308 1294 nostri
1338 1252 1474 1307 primo
1506 1252 1868 1308 qualitercumque
1898 1252 2040 1295 debita
2071 1255 2114 1295 et

162 1342 425 1398 pertinencia
445 1357 610 1384 necnon
632 1343 897 1385 omnimodas
918 1343 1103 1385 actiones
1125 1351 1165 1385 et
1188 1344 1419 1385 demandas
1439 1358 1544 1398 quas
1575 1359 1652 1386 nos
1684 1344 1796 1386 solus
1829 1359 1972 1386 versus
2003 1345 2115 1400 ipsos

162 1433 231 1476 vel
251 1448 327 1476 nos
348 1433 612 1490 conjunctim
633 1449 729 1476 cum
750 1435 845 1476 aliis
864 1435 1054 1490 personis
1075 1449 1148 1476 seu
1167 1449 1345 1490 persona
1365 1433 1569 1477 habemus
1591 1450 1664 1477 seu
1679 1435 1833 1477 habere
1849 1435 2081 1490 potet-imus
2104 1470 2111 1477 .

162 1525 230 1567 Ac
258 1525 391 1567 eciam
421 1525 654 1581 utlagarias
687 1525 734 1567 in
758 1525 870 1580 ipsos
897 1525 1189 1581 promulgatas
1223 1540 1300 1581 pro
1332 1526 1476 1582 aliqua
1508 1541 1732 1569 causarum
1764 1528 2114 1582 supradictarum.

161 1614 226 1657 Et
245 1615 419 1671 insuper
438 1616 767 1671 perdonavimus
788 1618 830 1657 et
850 1616 1135 1658 relaxavimus
1166 1616 1323 1658 eisdem
1353 1616 1498 1659 abbati
1527 1619 1570 1660 et
1596 1618 1823 1660 conventui
1852 1619 2115 1660 omnimodas

162 1721 293 1762 penas
315 1710 414 1749 ante
435 1708 620 1749 eundem
641 1710 837 1749 octavum
858 1707 972 1749 diem
992 1707 1240 1749 Decembris
1260 1707 1498 1750 forisfaetas
1519 1724 1659 1750 coram
1686 1708 1809 1750 nobis
1837 1724 1910 1750 seu
1943 1709 2115 1752 consilio

163 1803 307 1840 nostro
329 1797 578 1840 cancellario
598 1797 860 1840 thesaurario
882 1813 955 1840 seu
975 1798 1118 1854 aliquo
1137 1798 1332 1854 judicum
1352 1802 1593 1842 nostrorum
1625 1814 1701 1855 pro
1733 1800 1878 1855 aliqua
1913 1815 2039 1842 causa
2076 1802 2118 1842 et

164 1903 310 1932 omnes
340 1889 444 1931 alias
474 1904 606 1944 penas
635 1894 726 1931 tam
758 1888 880 1931 nobis
911 1904 1039 1945 quam
1067 1889 1278 1932 carissimo
1313 1890 1426 1946 patri
1457 1894 1600 1933 nostro
1633 1891 1835 1934 defuncto
1867 1907 1942 1947 pro
1973 1893 2117 1947 aliqua

163 1994 290 2021 causa
319 1982 418 2022 ante
449 1980 632 2022 eundem
663 1984 860 2022 octavum
890 1980 1004 2022 diem
1043 1980 1291 2023 Decembris
1332 1981 1570 2024 forisfactas
1610 1984 1654 2024 et
1693 1983 1747 2024 ad
1788 1998 1892 2038 opus
1924 1989 2116 2025 nostrum

160 2070 364 2113 levandas
401 2086 448 2113 ac
479 2071 745 2113 omnimodas
775 2071 1020 2114 securitates
1053 2072 1168 2127 pacis
1200 2075 1299 2114 ante
1332 2072 1456 2114 illum
1489 2076 1686 2115 octavum
1722 2073 1836 2116 diem
1869 2073 2116 2116 Decembris

162 2161 358 2204 similiter
386 2161 638 2204 forisfactas.
711 2162 783 2204 Ita
811 2163 925 2217 quod
955 2178 1126 2218 presens
1157 2163 1410 2219 perdonacio
1440 2166 1585 2206 nostra
1610 2179 1693 2219 quo
1730 2165 1786 2206 ad
1813 2165 2015 2220 premissa
2045 2180 2119 2208 seu

163 2252 336 2308 aliquod
372 2253 672 2308 premissorum
701 2268 788 2296 non
829 2255 951 2296 cedat
993 2254 1039 2296 in
1082 2255 1318 2310 dampnum
1360 2255 1645 2311 prejudicium
1686 2255 1754 2298 vel
1794 2257 2116 2312 derogacionem

165 2343 347 2400 alicujus
362 2344 536 2386 alterius
548 2359 724 2400 persone
738 2359 867 2400 quam
883 2359 1057 2400 persone
1073 2350 1215 2388 nostre
1228 2346 1467 2389 dumtaxat.
1528 2345 1585 2388 In
1605 2346 1729 2402 cujus
1740 2347 1803 2389 rei
1823 2347 2116 2390 testimonium

161 2435 239 2478 has
272 2435 437 2478 litteras
468 2442 632 2478 nostras
664 2437 755 2478 fieri
790 2436 969 2479 fecimus
1000 2441 1206 2492 patentes.
1288 2437 1414 2480 Teste
1449 2437 1479 2480 J
1481 2452 1670 2481 OHANNE
1707 2440 1813 2481 duce
1849 2439 2116 2481 BEmvoan

161 2527 332 2569 custode
365 2526 552 2569 Asnam
583 2528 699 2582 apud
735 2526 1200 2571 WESTMONASTERIUM
1233 2529 1481 2572 duodecimo
1513 2529 1581 2572 die
1618 2529 1811 2572 Octobris
1851 2545 1963 2572 anno
1992 2530 2116 2586 regni

162 2617 297 2659 nostri
317 2618 442 2659 tertio

221 2707 538 2764 Fragmentary
574 2708 673 2761 seal,
696 2708 825 2751 white
855 2724 979 2761 wax;
1011 2711 1166 2752 second
1185 2714 1307 2766 great
1335 2711 1421 2754 seal
1451 2711 1497 2754 of
1532 2710 1657 2768 King
1687 2711 1861 2754 HENRY
1894 2712 1948 2755 V.
2022 2712 2116 2768 (See

163 2797 308 2850 Birch,
335 2798 466 2840 catal.
489 2802 540 2844 of
553 2799 667 2841 Seals
687 2799 733 2841 in
754 2798 865 2841 Brit.
889 2799 1018 2851 Mus„
1040 2799 1124 2843 No.
1149 2800 1273 2858 262]

220 2889 515 2931 Endorsed—‘
532 2888 794 2932 Irrotulatur
832 2890 879 2932 in
919 2892 1204 2934 memorandis
1244 2892 1439 2935 scaccarii
1478 2893 1673 2936 videlicet
1712 2893 1825 2936 inter
1856 2896 2028 2936 recorda
2061 2895 2113 2937 de

162 2981 345 3024 termino
366 2980 512 3023 Sancti
528 2980 753 3024 Michaelis
773 2996 886 3024 anno
907 2986 1058 3037 quarto
1080 2982 1215 3039 Regis
1244 2983 1427 3026 Henrici
1460 2985 1600 3040 quinti
1631 3000 1683 3027 ex
1711 2988 1829 3040 parte
1859 3000 2110 3029 rememora-

163 3071 267 3114 toris
287 3070 422 3127 Regis
440 3071 488 3112 in
509 3071 693 3126 quodam
713 3086 910 3127 processu
929 3075 1135 3129 tangente
1153 3073 1473 3130 infrascriptum
1493 3065 1722 3118 abbatem?
