2386 3645
1888 261 1994 302 1181

170 466 226 508 In
246 465 396 521 primis
415 466 566 507 damus
587 467 630 507 et
650 465 696 506 in
717 467 967 519 perpetuam
986 467 1030 505 et
1053 478 1204 519 puram
1229 464 1527 507 eleemosinam
1553 465 1666 507 dieto
1695 465 1895 521 hospitali
1920 468 2052 524 assig-

110 557 306 599 navimus
325 559 618 598 tenementum
640 555 754 610 quod
772 555 977 611 magister
997 559 1039 596 et
1066 554 1274 610 capellani
1297 555 1401 598 dicti
1427 555 1650 611 hospitalis
1668 556 1909 599 inhabitent
1927 557 2054 613 juxta

113 647 331 690 ecclesiam
357 645 493 688 beatae
518 645 690 687 MARIAE
714 646 767 687 de
788 644 1141 702 Swmmsffim]
1166 645 1356 700 predicta
1387 679 1396 688 .
1429 645 1608 688 Necnon
1628 647 1829 689 tredecim
1849 647 2058 705 burgagia

109 752 290 794 quorum
310 752 445 779 unum
465 736 726 792 burgagium
746 735 887 777 fuerat
908 735 1113 778 Ronmm
1145 736 1174 777 J
1177 750 1327 778 ORDAN
1354 736 1481 792 juxta
1505 740 1796 780 tenementum
1823 739 1937 794 quod
1970 739 2054 782 fuit

109 829 327 885 quondam
347 826 510 870 domini
532 826 756 870 WALTERI
778 827 830 868 de
852 826 1097 868 PEDERTON
1119 828 1335 882 quondam
1354 828 1526 870 rectoris
1541 827 1723 870 ecclesiae
1744 829 1797 870 de
1817 828 2054 871 Swmms-

119 917 250 976 [EYE]
275 918 477 974 predicta,
499 921 543 960 et
564 917 682 959 aliud
701 916 961 973 burgagium
981 917 1094 973 jacet
1118 917 1245 973 juxta
1268 922 1561 960 tenementum
1585 917 1765 961 Tuom:
1785 919 1997 971 HARALD,
2015 924 2057 962 et

110 1009 337 1052 dimidium
364 1008 624 1064 burgagium
652 1008 765 1062 quod
795 1009 1012 1063 quondam
1044 1007 1130 1050 fuit
1165 1008 1345 1051 THOMAE
1379 1008 1690 1051 MARESCHALL
1719 1013 1760 1051 et
1790 1009 1902 1065 jacet
1931 1011 2057 1066 juxta

111 1091 404 1143 tenementum
435 1098 639 1141 Rossmm
669 1099 721 1141 de
751 1097 962 1150 WEsrox,
991 1102 1032 1141 et
1065 1099 1293 1140 dimidium
1327 1099 1587 1155 burgagium
1613 1100 1727 1156 jacet
1755 1101 1801 1142 in
1834 1101 2060 1144 Fmsnmz-

111 1205 275 1233 STREET
304 1191 431 1246 juxta
462 1190 736 1245 curtilagium
762 1189 791 1232 J
794 1204 994 1231 OHANNIS
1024 1190 1076 1231 de
1107 1188 1267 1238 Soran,
1299 1194 1341 1232 et
1373 1191 1457 1232 duo
1486 1190 1698 1247 burgagia
1728 1206 1870 1233 versus
1891 1192 2060 1234 TAWEY

112 1297 208 1338 quae
230 1282 446 1337 quondam
467 1282 642 1322 fuerunt
662 1280 897 1323 ISABELLAE
917 1281 970 1322 de
991 1280 1143 1331 ΝΕΤΗ,
1165 1283 1208 1323 et
1228 1296 1363 1323 unum
1393 1280 1654 1338 burgagium
1674 1283 1788 1337 quod
1807 1282 1920 1338 jacet
1941 1287 2059 1326 extra

113 1377 281 1429 portam
318 1372 516 1414 HARALD
550 1372 664 1426 quod
692 1371 776 1413 fuit
805 1371 999 1427 ejusdem
1029 1371 1275 1422 IsABELLAE,
1310 1375 1353 1413 et
1387 1387 1522 1414 unum
1552 1371 1812 1428 burgagium
1839 1375 1952 1428 quod
1981 1374 2064 1416 fuit

113 1463 143 1507 J
147 1478 346 1506 OHANNIS
367 1462 568 1504 HARALD
590 1466 632 1505 et
652 1462 764 1518 jacet
785 1466 906 1504 extra
925 1466 1094 1518 portam
1115 1462 1346 1504 HARALm.

170 1554 285 1596 Item
305 1569 442 1596 unum
462 1553 723 1609 burgagium
744 1554 858 1609 quod
879 1553 963 1595 fuit
985 1553 1125 1595 Pmm
1156 1554 1208 1595 de
1237 1553 1279 1595 la
1303 1553 1433 1596 BERE
1464 1558 1505 1596 et
1534 1554 1647 1610 jacet
1677 1559 1797 1597 extra
1828 1556 2061 1611 predictam

112 1649 280 1701 portam
312 1680 319 1687 .
354 1649 397 1687 et
426 1661 561 1687 unum
585 1644 846 1701 burgagium
871 1646 986 1700 quod
1008 1645 1091 1686 fuit
1116 1645 1321 1687 Hmmm
1343 1645 1372 1688 J
1375 1660 1525 1688 ORDAN
1548 1650 1591 1688 et
1610 1646 1723 1702 jacet
1746 1647 1873 1703 juxta
1895 1663 2066 1691 murum

114 1736 346 1779 SWEYNES'
368 1736 570 1792 predictae
603 1770 611 1776 .
645 1736 705 1777 Et
726 1751 862 1777 unum
881 1735 1142 1792 burgagium
1170 1737 1285 1791 quod
1319 1737 1401 1779 fuit
1432 1738 1484 1778 de
1513 1739 1769 1792 patrimonio
1799 1744 1942 1781 nostro
1972 1755 2065 1795 pre-

114 1828 226 1870 dicto
266 1843 410 1870 versus
447 1826 617 1869 TAWEY
642 1862 649 1869 .
674 1832 715 1869 et
749 1827 976 1869 dimidium
1009 1827 1268 1883 burgagium
1297 1829 1412 1883 quod
1447 1828 1532 1870 fuit
1560 1828 1589 1871 J
1592 1843 1792 1871 OHANNIS
1822 1829 1981 1872 BATYN
2023 1836 2065 1873 et

114 1918 227 1975 jacet
247 1919 359 1961 inter
381 1918 656 1973 curtilagium
676 1918 804 1974 juxta
823 1933 994 1960 murum
1015 1919 1067 1960 de
1095 1917 1450 1975 SwEYNEs[EYE]
1485 1920 1676 1975 predicta
1708 1955 1715 1962 .
1749 1921 1809 1962 Et
1840 1921 2067 1964 dimidium

113 2009 311 2065 bul-gagii
332 2010 446 2065 quod
467 2009 552 2051 fuit
574 2008 754 2051 'raons-s
773 2009 935 2051 Donrx
966 2013 1085 2051 extra
1110 2013 1276 2065 portam
1303 2009 1572 2067 HARALDU]
1610 2045 1617 2051 .
1651 2011 1711 2053 Et
1742 2026 1802 2053 XI.
1839 2012 2063 2068 curtilagia

112 2100 256 2156 jacent
281 2100 394 2142 inter
419 2103 712 2142 tenementum
744 2100 857 2155 quod
886 2100 971 2142 fuit
1004 2101 1220 2155 quondam
1254 2101 1283 2143 J
1287 2115 1486 2143 OHANNIS
1520 2101 1719 2143 HARALD
1748 2106 1869 2144 extra
1897 2107 2063 2158 portam

114 2190 315 2232 HARALD
348 2205 401 2232 ex
438 2195 557 2245 parte
590 2190 765 2232 australi
799 2194 840 2232 et
874 2191 980 2232 duas
1012 2206 1127 2233 acras
1155 2191 1405 2234 W1L11ELM1
1432 2193 1484 2235 de
1515 2192 1642 2235 Locn
1675 2209 1728 2235 ex
1760 2197 1879 2249 parte
1908 2193 2064 2237 boreali

113 2285 156 2324 et
180 2281 379 2324 abuttant
403 2314 757 2323 ...........
788 2296 959 2324 murum
993 2283 1045 2324 de
1079 2281 1434 2340 SWEYNES[EYE]
1465 2284 1654 2339 predicta
1679 2285 1733 2326 ad
1765 2301 1900 2327 unum
1934 2286 2064 2328 finem

112 2387 257 2414 versus
292 2372 497 2414 orientem
532 2376 573 2414 et
607 2372 662 2414 ad
696 2372 825 2414 aliam
858 2373 987 2414 finem
1023 2388 1167 2415 versus
1200 2378 1378 2416 stratam
1413 2374 1598 2430 Regiam
1630 2390 1773 2417 versus
1802 2377 2062 2418 occidentem

114 2477 210 2518 quae
250 2463 470 2505 continent
509 2467 593 2505 tres
638 2478 753 2505 aeras
792 2466 916 2505 terrae
957 2467 999 2505 et
1048 2479 1194 2506 xxxm.
1236 2480 1352 2507 acras
1391 2468 1514 2508 terrae
1554 2465 1725 2508 arabilis
1765 2481 1861 2508 cum
1901 2466 2065 2509 duobus

112 2553 356 2610 gurgitibus
406 2554 451 2596 in
503 2553 859 2611 SWEYNE8[EYE]
913 2555 1103 2610 predicta
1162 2571 1257 2611 quae
1308 2556 1484 2599 fuerunt
1533 2557 1585 2599 de
1640 2557 1753 2599 dicto
1803 2557 2060 2612 patrimonio

112 2647 256 2687 nostro
287 2645 512 2688 WAmmu
545 2646 596 2687 de
629 2645 876 2688 PEDERTON
907 2679 916 2688 .
944 2645 1125 2689 THOMAE
1152 2647 1347 2689 PERKYN
1377 2681 1386 2690 .
1417 2647 1596 2691 TfloMAE
1623 2648 1675 2690 de
1703 2647 2058 2705 SWEYNEsffimz]

112 2738 156 2778 et
195 2735 401 2778 Romanu
451 2736 481 2779 J
484 2750 633 2778 ORDAN
677 2770 685 2778 .
728 2735 908 2779 Necnon
957 2752 1094 2780 unum
1143 2739 1432 2794 messuagium
1472 2752 1608 2781 unum
1648 2739 1922 2795 curtilagium
1966 2755 2063 2782 cum

112 2827 292 2883 gardino
333 2830 376 2870 et
416 2828 562 2870 decem
601 2842 718 2870 aeras
757 2832 880 2871 terrae
922 2828 1094 2871 arabilis
1143 2844 1238 2885 quae
1279 2830 1455 2871 fuerunt
1505 2829 1709 2871 Romam
1761 2831 1813 2871 de
1865 2829 2062 2874 WESTON

113 2917 160 2959 in
199 2917 391 2960 Pan-Am)
440 2952 449 2960 .
499 2918 560 2960 Et
600 2919 685 2960 duo
723 2919 942 2975 mesuagia
993 2920 1218 2976 sexaginta
1271 2935 1386 2963 aeras
1435 2925 1545 2962 terre
1595 2920 1766 2962 arabilis
1816 2924 1909 2963 octo
1948 2935 2065 2964 aeras

114 3008 228 3064 prati
246 3008 442 3052 montani
463 3009 688 3052 duodecim
708 3024 826 3052 aeras
845 3025 988 3066 gravae
1011 3014 1053 3054 et
1074 3026 1203 3054 morae
1225 3026 1311 3054 una
1331 3026 1427 3055 oum
1442 3011 1670 3054 medietate
1687 3011 1814 3054 unius
1829 3011 2065 3054 molendini
