2386 3645
249 257 359 298 1624

187 463 393 518 premiare
415 464 466 504 de
487 463 626 519 gratia
646 466 788 506 nostra
809 464 979 519 speciali
1000 465 1276 507 concessimus
1295 480 1371 520 pro
1400 465 1522 507 nobis
1551 465 1776 508 heredibus
1811 468 1853 507 et
1883 465 2123 507 successori-

185 552 264 595 bus
284 553 437 595 nostris
467 554 644 609 prefatis
673 554 955 610 burgensibus
985 558 1026 596 et
1056 555 1337 598 residentibus
1367 556 1466 597 ville
1487 560 1628 598 nostre
1649 556 1834 611 predicte
1855 560 1897 597 et
1916 556 2124 598 libertatis

184 643 374 699 ejusdem
415 659 462 686 ac
496 644 721 687 heredibus
757 649 798 687 et
834 646 1135 688 successoribus
1170 647 1254 688 suis
1287 647 1397 701 quod
1434 662 1578 688 eorum
1614 647 1757 688 nullus
1796 661 1871 701 pro
1912 646 2124 702 aliquibus

185 734 369 776 ffeloniis
404 735 807 790 transgressionibus
834 735 1184 778 convencionibus
1212 751 1285 778 seu
1313 736 1595 778 contractibus
1619 740 1739 778 extra
1765 736 1911 778 villam
1938 740 2125 779 nostram

185 825 418 879 predictam
441 828 481 867 et
503 825 720 868 libertates
741 826 930 882 ejusdem
954 826 1078 868 factis
1099 826 1201 869 alibi
1232 842 1361 882 quam
1389 843 1528 869 coram
1559 827 1867 870 constabulario
1900 828 1999 870 ville
2031 843 2122 883 pre-

183 915 293 957 dicte
315 921 356 957 et
381 916 545 958 ballivis
576 916 767 971 ejusdem
798 917 898 958 ville
928 931 1004 971 pro
1036 920 1224 972 tempore
1261 918 1538 960 existentibus
1566 933 1639 960 seu
1672 918 1717 959 in
1748 917 1941 960 absencia
1968 919 2124 974 prefati

183 1006 481 1048 constabularii
522 1022 661 1049 coram
701 1007 824 1049 dictis
863 1007 1030 1049 ballivis
1064 1007 1352 1063 implacitetur
1391 1009 1652 1063 inquietetur
1692 1014 1767 1050 aut
1799 1009 2045 1051 molestetur
2076 1009 2121 1051 in

183 1096 325 1151 aliquo
347 1112 420 1138 seu
440 1101 644 1153 gravetur
664 1098 745 1139 nisi
766 1097 896 1139 fuerit
917 1098 978 1139 ita
999 1099 1112 1153 quod
1133 1099 1230 1140 talis
1251 1099 1474 1154 burgensis
1494 1100 1580 1141 sive
1613 1100 1799 1141 residens
1827 1103 1946 1141 extra
1976 1100 2122 1142 villam

181 1190 223 1229 et
263 1187 503 1230 libertatem
543 1189 775 1243 predictam
817 1203 912 1230 cum
951 1203 1208 1243 manuopere
1241 1190 1292 1231 de
1326 1189 1500 1231 ffelonia
1533 1194 1680 1244 captus
1715 1189 1858 1232 fuerit.
1920 1190 1981 1232 Et
2011 1191 2124 1245 quod

177 1278 368 1333 prefatus
389 1279 722 1321 constabularius
742 1282 784 1320 et
810 1278 957 1321 ballivi
986 1280 1050 1321 sui
1074 1280 1119 1321 in
1151 1279 1345 1322 absencia
1373 1280 1672 1322 constabularii
1703 1281 1880 1336 predicti
1901 1284 1943 1323 et
1976 1280 2124 1323 ballivi

178 1384 254 1424 pro
275 1373 462 1424 tempore
497 1371 725 1412 existentes
760 1370 945 1412 habeant
980 1371 1152 1426 plenam
1185 1372 1470 1426 cognitionem
1502 1372 1841 1414 omnimodorum
1876 1373 2127 1427 placitorum

177 1463 266 1502 tam
288 1461 340 1502 de
361 1460 545 1502 ffeloniis
564 1460 971 1517 transgressionibus
992 1461 1146 1504 debitis
1177 1462 1530 1505 convencionibus
1558 1466 1600 1504 et
1621 1463 1903 1505 contractibus
1924 1479 2052 1519 quam
2073 1464 2125 1505 de

177 1550 308 1592 libero
330 1557 573 1593 tenemento
595 1554 637 1593 et
657 1552 751 1594 aliis
772 1552 1012 1594 accionibus
1033 1553 1214 1607 querelis
1236 1556 1278 1594 et
1299 1554 1483 1595 denariis
1504 1554 1825 1609 quibuscunque
1845 1554 1959 1595 infra
1979 1554 2125 1596 villam

178 1645 220 1683 et
255 1641 474 1683 libertates
495 1642 702 1697 predictas
719 1642 842 1684 factis
868 1646 910 1684 et
928 1643 1253 1699 emergentibus.
1316 1643 1375 1686 Et
1397 1645 1510 1699 quod
1538 1643 1680 1686 omnia
1704 1643 1951 1700 hujusmodi
1973 1645 2127 1698 placita

177 1733 367 1774 acciones
388 1733 556 1787 querele
576 1737 618 1775 et
639 1734 849 1775 demanda
868 1749 943 1789 per
966 1734 1182 1789 prefatum
1203 1734 1563 1777 constabularium
1584 1738 1626 1777 et
1651 1735 1829 1777 ballivos
1859 1736 1905 1777 in
1933 1735 2126 1777 absencia

178 1824 371 1879 ejusdem
387 1824 685 1866 constabularii
703 1840 777 1880 per
793 1825 925 1867 dictos
940 1825 1117 1868 ballivos
1142 1825 1226 1882 [et]
1247 1841 1332 1868 non
1349 1826 1452 1869 alibi
1475 1826 1593 1868 triari
1607 1827 1692 1868 sint
1699 1826 1882 1881 judicari
1896 1827 2072 1869 discurri
2087 1829 2128 1868 et

177 1914 400 1956 remediari
421 1913 656 1971 [possunt].
720 1915 780 1957 Et
795 1915 969 1971 insuper
986 1917 1038 1958 de
1055 1917 1250 1972 ampliori
1266 1917 1406 1972 gratia
1421 1920 1564 1959 nostra
1578 1922 1620 1959 et
1633 1932 1708 1973 pro
1721 1917 2012 1959 melioratione
2028 1917 2128 1959 ville

179 2009 321 2046 nostre
342 2005 528 2060 predicte
550 2005 745 2048 volumus
766 2010 806 2048 et
829 2007 1097 2049 concedimus
1115 2022 1190 2062 pro
1211 2007 1332 2050 nobis
1347 2007 1572 2049 heredibus
1592 2010 1634 2050 et
1655 2007 1958 2050 successoribus
1977 2007 2130 2050 nostris

179 2095 356 2150 prefatis
376 2095 659 2152 burgensibus
681 2100 723 2138 et
743 2097 1026 2139 residentibus
1048 2104 1089 2139 et
1111 2098 1413 2140 successoribus
1435 2099 1519 2140 suis
1541 2099 1654 2154 quod
1675 2099 1709 2140 si
1731 2099 1824 2153 quis
1845 2100 1898 2140 ad
1920 2099 2066 2141 villam
2088 2102 2130 2141 et

182 2186 423 2228 libertatem
446 2187 677 2242 predictam
706 2188 848 2230 venire
877 2192 919 2230 et
949 2188 1109 2230 ibidem
1140 2192 1250 2231 stare
1280 2195 1323 2231 et
1353 2189 1509 2231 morari
1539 2189 1722 2231 voluerit
1751 2189 1840 2245 ipse
1871 2189 2026 2231 abinde
2056 2204 2131 2245 pro

182 2277 325 2331 aliquo
349 2277 682 2333 transgressione
703 2277 845 2320 debito
877 2279 1066 2321 confecto
1099 2280 1382 2321 convencione
1413 2295 1485 2321 seu
1511 2280 1652 2335 aliquo
1674 2280 1756 2322 alio
1778 2283 1996 2322 contractu
2028 2294 2130 2334 quo-

184 2382 349 2423 cunque
385 2368 504 2410 nullo
538 2370 663 2410 modo
694 2369 806 2411 trahi
841 2369 966 2412 debet
1001 2385 1077 2412 nec
1112 2371 1297 2412 amoveri
1333 2371 1406 2412 sed
1446 2371 1481 2412 si
1523 2371 1676 2426 aliquis
1707 2370 1930 2426 burgensis
1960 2386 2057 2413 eum
2086 2370 2132 2412 in

184 2459 397 2514 premissis
417 2459 483 2500 vel
504 2459 549 2500 in
580 2460 721 2515 aliquo
753 2461 1051 2515 premissorum
1082 2462 1281 2517 conqueri
1312 2462 1493 2503 voluerit
1519 2462 1604 2503 sive
1637 2463 1830 2517 prosequi
1861 2477 2000 2503 coram
2035 2477 2131 2504 con-

186 2549 415 2591 stabulario
450 2552 492 2591 et
524 2549 691 2592 ballivis
727 2551 828 2593 ville
869 2552 1054 2608 predicte
1094 2568 1169 2608 pro
1210 2557 1398 2607 tempore
1440 2552 1717 2595 existentibus
1758 2568 1831 2594 seu
1865 2552 1910 2594 in
1943 2552 2134 2594 absentia

186 2640 379 2697 ejusdem
421 2641 721 2684 constabularii
762 2658 900 2685 coram
940 2643 1108 2685 ballivis
1143 2644 1336 2699 ejusdem
1377 2644 1474 2686 ville
1515 2659 1591 2699 pro
1631 2650 1820 2699 tempore
1855 2643 2135 2686 existentibus

184 2735 463 2788 prosequatur
489 2732 661 2788 justicia
692 2748 831 2775 coram
857 2735 1014 2777 eisdem
1035 2735 1344 2777 constabulario
1365 2738 1406 2777 et
1434 2735 1601 2777 ballivis
1631 2751 1704 2777 seu
1734 2735 1781 2781 in
1812 2735 2002 2777 absentia
2030 2735 2134 2776 dicti

188 2823 487 2866 constabularii
525 2839 664 2866 coram
704 2824 871 2867 ballivis
904 2826 1015 2868 dicte
1055 2826 1152 2868 ville
1192 2841 1266 2881 pro
1301 2830 1490 2882 tempore
1526 2825 1805 2868 existentibus
1840 2830 1881 2867 et
1914 2840 1999 2867 non
2033 2824 2136 2867 alibi

190 2929 313 2970 super
326 2915 542 2969 querelam
559 2931 678 2957 suam
695 2916 883 2959 celeriter
897 2916 1134 2959 habebitur.
1186 2916 1289 2958 Hiis
1302 2916 1478 2958 testibus
1493 2950 1501 2958 .
1518 2915 1749 2958 venerabili
1764 2919 1883 2971 patre
1897 2915 2135 2958 NchOLAo

187 3005 382 3060 episcopo
425 3005 723 3048 LANnAvENsr
767 3040 775 3048 .
818 3006 846 3049 J
851 3021 1037 3048 OHANNE
1078 3005 1230 3048 abbate
1269 3008 1322 3048 de
1362 3005 1530 3048 NEATH
1566 3040 1574 3047 .
1612 3014 1655 3048 et
1695 3005 1863 3047 ΤΗΟΜΑ
1898 3004 2051 3047 abbate
2085 3005 2137 3046 de
