2386 3645
361 284 469 326 1232

1073 492 1456 537 DOOCOLXXV.

300 605 516 650 GRANT
547 605 633 648 BY
661 603 899 648 ISEUDA
932 601 1018 644 LA
1049 600 1333 653 WELERE,
1363 599 1609 643 OALLED
1640 598 1962 650 OHEPMAN,
1991 596 2239 649 WIDOW,

432 697 510 740 OF
559 694 734 738 LAND
783 693 855 736 IN
905 691 1208 735 KENEFEG
1256 690 1379 733 FEE
1428 689 1505 732 ΤΟ
1556 688 1833 732 MARGAM
1882 687 2111 731 ABBEY.

1010 798 1241 855 [MARGAM
1272 796 1528 852 OHARTER]
1798 797 1849 837 14
1870 795 1994 837 Mu.
2059 795 2183 836 1339.

362 912 508 956 Sciant
527 913 740 967 presentes
760 912 803 951 et
823 908 958 950 futuri
979 907 1092 963 quod
1113 920 1191 961 ego
1216 904 1385 946 IsEUDA
1407 904 1450 946 la
1466 903 1676 947 WELERE
1693 903 1806 944 dicta
1828 902 2054 945 CHEPMAN
2077 902 2122 944 in
2142 877 2279 958 Ρωᾟ.χ

301 1008 343 1047 et
373 1003 586 1060 legittima
614 1001 823 1043 viduitate
852 1013 946 1041 mea
976 997 1073 1039 dedi
1106 1027 1115 1035 .
1149 995 1329 1038 concessi
1361 1028 1370 1036 .
1404 997 1447 1036 et
1475 994 1554 1036 hac
1579 993 1766 1049 presenti
1787 996 1902 1035 carta
1922 993 2166 1035 confirmavi
2189 1027 2197 1034 .
2233 1027 2241 1035 .

303 1093 447 1138 abbati
477 1098 519 1136 et
551 1090 776 1135 conventui
807 1090 858 1132 de
879 1088 1082 1130 MARGAN
1108 1121 1116 1129 .
1139 1088 1346 1128 eteorum
1374 1084 1677 1127 successoribus
1702 1099 1833 1126 unam
1861 1084 2084 1126 dimidiam
2105 1098 2245 1126 acram

302 1189 412 1228 terre
432 1183 603 1227 arabilis
623 1197 718 1224 cum
740 1179 935 1223 omnibus
956 1178 1040 1221 suis
1068 1176 1339 1233 pertinenciis
1367 1176 1419 1218 de
1449 1175 1582 1218 libero
1602 1178 1846 1218 tenemento
1866 1190 1960 1217 meo
1980 1175 2026 1217 in
2047 1174 2172 1217 feodo
2193 1175 2246 1218 de

302 1276 527 1319 KENEFEG
562 1308 570 1316 .
604 1288 684 1329 que
715 1272 886 1328 quidem
916 1269 1094 1312 dimidia
1125 1283 1220 1310 acra
1249 1269 1359 1309 terre
1389 1266 1501 1323 jacet
1531 1267 1577 1308 in
1605 1266 1877 1322 longitudine
1896 1266 2008 1308 inter
2028 1265 2142 1308 viam
2163 1280 2248 1321 qua

301 1367 389 1410 itur
409 1368 460 1409 de
481 1365 707 1408 KENEFEG
731 1397 739 1405 .
763 1376 906 1404 versus
937 1359 1148 1403 CORNELY
1169 1358 1215 1400 in
1245 1360 1335 1399 arte
1364 1358 1559 1400 orientali
1584 1391 1592 1400 .
1617 1360 1659 1399 et
1690 1357 1819 1399 aliam
1847 1357 1962 1399 viam
1983 1372 2067 1412 qua
2087 1356 2174 1399 itur
2193 1357 2246 1399 de

302 1458 417 1500 dicta
435 1456 539 1499 villa
559 1457 611 1497 de
631 1453 858 1496 KENEFEG
879 1465 1024 1493 versus
1044 1450 1084 1491 le
1113 1448 1352 1491 NOTHASSE
1383 1448 1428 1490 in
1459 1452 1579 1504 parte
1609 1447 1871 1491 occidentali.
1933 1447 1988 1489 In
2018 1447 2247 1490 latitudine

302 1563 400 1591 vero
430 1548 543 1590 inter
571 1549 728 1588 terram
758 1543 986 1586 JOHANNIS
1017 1540 1254 1583 SWETYNG'
1285 1540 1332 1582 in
1362 1542 1482 1595 parte
1513 1539 1689 1581 australi
1713 1572 1721 1580 .
1745 1542 1788 1581 et
1818 1541 1975 1580 terram
1996 1538 2246 1581 WILLELMI

302 1639 498 1681 C1ssoR1s
518 1637 564 1678 in
583 1639 703 1692 parte
723 1634 886 1677 boriali.
948 1631 1213 1674 Habendum
1234 1633 1277 1673 et
1296 1630 1530 1673 tenendum
1550 1629 1681 1671 libere
1703 1629 1843 1685 quiete
1865 1628 1918 1671 ab
1938 1629 2054 1671 omni
2075 1626 2250 1671 servicio

301 1730 523 1773 exaccione
563 1731 606 1770 et
645 1725 822 1770 seculari
862 1723 1074 1766 demanda
1125 1721 1435 1778 qualicumque.
1517 1720 1602 1762 Pro
1651 1720 1730 1762 hac
1781 1723 1924 1762 autem
1973 1720 2205 1762 donacione
2238 1753 2246 1762 .

302 1821 564 1865 concessione
596 1853 604 1861 .
638 1822 680 1860 et
710 1816 916 1873 presentis
946 1818 1059 1857 carte
1090 1813 1411 1856 confirmacione
1443 1813 1651 1854 dederunt
1682 1811 1811 1853 michi
1842 1811 2020 1867 predicti
2051 1811 2180 1853 abbas
2207 1814 2251 1853 et

302 1914 533 1956 conventus
554 1909 740 1966 quinque
768 1907 921 1949 solidos
952 1905 1253 1961 sterlingorum
1283 1919 1358 1959 pre
1387 1903 1599 1945 manibus.
1660 1903 1720 1944 Et
1752 1917 1830 1958 ego
1861 1902 2050 1957 predicta
2080 1901 2250 1944 Iseum

302 2007 346 2046 et
365 2003 538 2046 heredes
557 2000 642 2043 mei
663 1999 749 2042 sive
770 1997 975 2053 assignati
995 1995 1229 2052 predictam
1258 1995 1481 2036 dimidiam
1502 2009 1642 2036 acram
1672 1996 1782 2035 terre
1813 2007 1909 2035 cum
1939 1992 2135 2035 omnibus
2165 1992 2252 2035 suis

303 2092 574 2152 pertinenciis
593 2090 791 2148 predictis
811 2088 953 2131 abbati
976 2091 1019 2130 et
1047 2086 1273 2129 conventui
1294 2089 1439 2128 contra
1464 2100 1610 2127 omnes
1629 2084 1830 2126 mortales
1849 2083 2217 2126 warentizabimus
2239 2117 2248 2126 .

303 2184 637 2242 acquietabimus
659 2217 668 2225 .
691 2185 733 2224 et
754 2181 1030 2222 defendemus
1047 2179 1092 2220 in
1115 2181 1379 2233 perpetuum.
1443 2176 1503 2218 Et
1523 2180 1572 2218 ut
1587 2176 1663 2217 hec
1679 2190 1774 2217 mea
1791 2175 1966 2217 donacio
1985 2208 1992 2216 .
2013 2175 2219 2217 concessio
2243 2208 2251 2217 .

306 2279 350 2320 et
368 2275 574 2332 presentis
594 2276 706 2316 carte
727 2271 991 2315 confirmacio
1014 2304 1022 2312 .
1046 2271 1139 2311 rata
1162 2302 1170 2310 .
1195 2268 1357 2311 stabilis
1379 2271 1420 2309 et
1440 2267 1688 2308 inconcussa
1709 2269 1955 2322 permaneat
1978 2300 1985 2307 .
2010 2280 2104 2307 eam
2124 2265 2257 2322 sigilli

306 2369 392 2412 mei
426 2366 699 2423 impressione
733 2363 938 2406 roboravi.
1001 2361 1104 2403 Hiis
1123 2359 1302 2403 testibus
1326 2393 1334 2401 .
1357 2359 1386 2401 J
1389 2373 1576 2401 OHANNE
1599 2358 1755 2401 Loum,
1780 2393 1786 2399 .
1823 2358 2036 2400 HENRICO
2068 2358 2217 2401 Coum
2244 2392 2252 2400 .

311 2460 340 2504 J
343 2473 530 2503 OHANNE
557 2457 716 2500 ROBYN
741 2490 748 2497 .
772 2458 874 2497 tunc
903 2453 1114 2510 preposito
1145 2452 1243 2493 ville
1275 2452 1327 2493 de
1358 2450 1585 2493 KENEFEG
1609 2484 1616 2492 .
1640 2449 1854 2492 HEcho
1884 2449 2046 2492 VOTHE
2071 2484 2078 2491 .
2102 2449 2258 2492 DAvm

313 2551 613 2594 MARESCALLO
632 2551 673 2590 et
694 2546 840 2588 multis
862 2545 967 2587 aliis.

371 2642 535 2684 Datum
570 2639 684 2694 apud
719 2636 958 2688 KENEFEG‚
994 2638 1144 2690 quarto
1180 2634 1343 2676 decimo
1379 2633 1447 2674 die
1487 2632 1643 2674 mensis
1686 2631 1791 2673 Maii
1825 2666 1831 2672 .
1876 2646 1987 2673 anno
2028 2631 2205 2674 Domini
2247 2665 2256 2674 .

314 2732 539 2775 millesimo
559 2728 852 2772 trecentesimo
873 2725 1082 2768 tricesimo
1104 2739 1228 2767 nono.

373 2823 482 2866 Oval
502 2821 601 2872 soal,
622 2819 792 2862 reddish
812 2818 958 2861 brown
990 2832 1095 2868 wax,
1131 2817 1213 2858 lin.
1248 2815 1305 2871 by
1339 2815 1439 2870 {in.,
1472 2830 1575 2870 very
1605 2813 1841 2856 indistinct.
1904 2813 1978 2855 An
2012 2813 2261 2856 ecclesiastic

313 2915 516 2970 kneeling
535 2912 679 2955 before
699 2910 772 2952 the
792 2909 949 2966 Virgin
971 2909 1056 2949 and
1078 2906 1218 2950 child.

375 3005 554 3062 Legend
574 3001 776 3058 illegible.
