2386 3645
237 286 347 328 1372

1052 489 1258 533 MLXII.

176 598 660 643 OONFIRMATION
715 598 848 642 AND
900 597 1116 641 GRANT
1166 597 1238 640 IN
1289 596 1440 640 TAIL
1490 596 1578 640 BY
1627 595 1729 640 SIR
1779 595 2125 640 LAURENOE

321 688 766 741 BERKEROULL,
807 688 975 731 LORD
1027 687 1106 731 OF
1157 687 1377 739 COYTY,
1418 686 1554 730 AND
1595 686 1975 739 ELIZABETH,
2016 686 2125 730 HIS

323 781 503 834 WIFE,
578 781 657 824 OF
734 779 943 824 LANDS
1014 779 1087 823 IN
1178 779 1399 831 OOYTY,
1486 779 1563 822 TO
1665 778 1947 822 EDWARD
2042 777 2127 820 DE

321 871 759 916 STRADELYNG.

1024 927 1099 985 [e.
1134 927 1187 971 e.
1220 927 1295 985 n]

1301 1021 1326 1061 9
1358 1019 1523 1062 APRIL.
1587 1020 1639 1061 15
1678 1019 1775 1062 Rm.
1810 1018 1873 1062 II.
1943 1019 2069 1061 1392.

230 1122 441 1165 Omnibus
472 1122 659 1165 CHRISTI
691 1119 888 1164 fidelibus
918 1121 973 1162 ad
993 1134 1100 1175 quos
1119 1134 1291 1175 presens
1322 1119 1527 1175 scriptum
1557 1119 1797 1175 pervenerit
1827 1119 2123 1162 LAURENcms

170 1212 498 1257 BERKEROULL'
521 1213 718 1255 dominus
738 1212 791 1254 de
813 1210 993 1253 OOYTIF'
1016 1212 1060 1252 et
1079 1210 1375 1252 ELIZABETHA
1396 1225 1504 1252 uxor
1524 1209 1618 1266 ejus
1639 1210 1833 1252 salutem.

229 1304 339 1347 Cum
360 1304 505 1347 SIMON
528 1303 558 1346 J
562 1317 716 1345 URDAN
740 1336 749 1345 .
773 1304 814 1344 et
835 1301 865 1345 J
868 1315 1056 1344 OHANNA
1073 1315 1181 1344 uxor
1201 1301 1296 1356 ejus
1316 1316 1453 1357 nuper
1473 1300 1759 1343 feoffaverunt
1779 1300 2056 1342 EDWARDUM
2077 1302 2130 1344 de

168 1396 469 1439 STRADELYNG
491 1395 547 1437 ad
566 1394 799 1438 terminum
820 1393 907 1436 vite
927 1394 1160 1436 eorundem
1181 1392 1381 1436 SYMoms
1402 1395 1445 1436 et
1465 1392 1494 1436 J
1498 1406 1687 1434 OHANNE
1711 1393 1763 1435 de
1784 1392 1983 1436 omnibus
2004 1392 2128 1435 terris

170 1490 213 1531 et
233 1486 486 1530 tenementis
516 1486 650 1542 pratis
678 1484 916 1528 redditibus
945 1485 1111 1540 pascuis
1142 1484 1326 1540 pasturis
1356 1484 1545 1540 piscariis
1575 1486 1617 1527 et
1647 1484 1777 1526 vastis
1807 1498 1904 1527 cum
1934 1483 2131 1527 omnibus

172 1578 259 1621 suis
288 1576 561 1634 pertinenciis
590 1591 673 1632 que
713 1576 816 1618 dicti
856 1575 1002 1618 SIMoN
1034 1579 1077 1618 et
1110 1575 1140 1618 J
1143 1589 1333 1617 OHANNA
1363 1576 1416 1617 de
1447 1574 1570 1618 nobis
1599 1577 1833 1617 tenuerunt
1862 1575 1918 1617 ad
1947 1575 2131 1617 eundem.

169 1669 402 1712 terminum
451 1667 566 1710 infra
615 1667 854 1710 dominium
904 1668 957 1709 de
998 1666 1164 1709 Comus
1208 1701 1216 1709 .
1259 1669 1301 1709 et
1343 1681 1425 1722 que
1466 1669 1561 1722 post
1602 1669 1782 1709 mortem
1841 1666 2128 1722 predictorum

169 1760 357 1804 S1M0N1s
388 1763 431 1802 et
460 1758 489 1801 J
492 1772 680 1801 OHANNE
710 1757 832 1801 nobis
861 1758 1016 1801 reverti
1044 1756 1271 1801 deberent:
1304 1757 1524 1801 Noveritis
1553 1772 1629 1800 nos
1659 1757 1793 1800 dictos
1820 1756 2128 1800 LAURENcmM

171 1849 500 1895 BERKEROULL’
552 1849 733 1892 militem
772 1852 814 1891 et
854 1848 1187 1891 ELIZABETHAM
1234 1863 1410 1892 uxorem
1450 1863 1589 1891 meam
1629 1848 1708 1891 hoc
1747 1848 1934 1904 presenti
1974 1848 2129 1905 scripto

173 1946 317 1986 nostro
338 1942 604 1985 confirmasse
625 1942 784 1984 statum
805 1940 984 1996 predicti
1004 1940 1231 1983 Enwmm
1253 1940 1305 1982 de
1326 1939 1627 1983 STRADELYNG
1649 1939 1695 1981 in
1716 1939 1913 1982 omnibus
1933 1940 2133 1995 predictis

177 2034 299 2078 terris
314 2036 357 2075 et
370 2032 624 2075 tenementis
639 2032 771 2088 pratis
784 2031 1022 2074 redditibus
1037 2031 1203 2088 pascuis
1218 2030 1402 2087 pasturis
1416 2030 1605 2087 piscariis
1621 2033 1664 2073 et
1680 2031 1810 2073 vastis
1825 2045 1921 2073 cum
1937 2032 2134 2076 omnibus

181 2126 267 2170 suis
280 2124 551 2182 pertinenciis
567 2123 647 2166 sibi
663 2126 706 2166 et
720 2123 946 2167 heredibus
960 2124 1046 2166 suis
1058 2124 1111 2166 de
1125 2138 1295 2179 corpore
1309 2137 1384 2166 suo
1399 2122 1593 2179 legitime
1606 2123 1834 2179 procreatis
1852 2157 1861 2165 .
1878 2122 2132 2167 Tenendum

180 2218 233 2260 de
273 2215 395 2259 nobis
434 2218 477 2258 et
508 2214 733 2257 heredibus
769 2214 922 2257 nostris
963 2229 1038 2271 per
1078 2214 1271 2257 redditus
1304 2216 1346 2256 et
1382 2213 1560 2256 servicia
1595 2229 1677 2270 que
1713 2215 1768 2257 ad
1802 2214 1878 2256 illa
1913 2215 2130 2270 pertinent

182 2307 509 2363 imperpetuum.
571 2304 632 2347 Et
656 2320 732 2347 nos
758 2320 856 2347 vero
886 2305 1066 2361 predicti
1096 2304 1391 2347 LAURENcms
1423 2304 1749 2359 Bssmgmonm)
1782 2304 1904 2348 miles
1934 2305 2132 2349 dominus

186 2401 240 2442 de
270 2396 450 2442 Oovrm’
483 2399 524 2438 et
555 2396 851 2439 EmzABETHA
872 2411 980 2440 uxor
1010 2411 1104 2439 mea
1133 2399 1176 2439 et
1203 2396 1378 2439 heredes
1397 2396 1530 2439 nostri
1551 2396 1695 2439 omnia
1715 2397 1904 2453 predicta
1925 2400 2059 2440 terras
2088 2401 2130 2441 et

189 2492 434 2533 tenementa
464 2490 586 2543 prata
615 2487 806 2530 redditus
836 2503 991 2544 pascua
1014 2491 1209 2544 pasturas
1234 2491 1278 2530 et
1298 2491 1417 2530 vasta
1436 2502 1533 2530 cum
1553 2488 1742 2544 piscariis
1762 2491 1804 2531 et
1825 2488 2020 2532 omnibus
2050 2490 2136 2533 suis

191 2578 463 2637 pertinenciis
483 2578 682 2634 predictis
708 2578 894 2633 predicto
915 2578 1150 2621 EDWARDO
1171 2579 1224 2621 de
1245 2577 1561 2621 STRADELYNG'
1584 2582 1625 2621 et
1646 2578 1872 2622 heredibus
1892 2580 1945 2622 de
1966 2595 2135 2637 corpore

190 2686 265 2715 suo
304 2669 497 2726 legitime
526 2669 753 2724 procreatis
787 2672 932 2712 contra
968 2684 1112 2713 omnes
1147 2673 1298 2727 gentes
1328 2669 1698 2712 warantizabimus
1726 2670 2060 2726 acquietabimus
2091 2675 2132 2715 et

191 2761 480 2805 defendemus.
543 2759 599 2802 In
627 2759 694 2816 cuj
701 2774 750 2802 us
769 2761 831 2803 rei
851 2760 1145 2803 testimonium
1165 2760 1264 2803 huic
1285 2761 1470 2817 presenti
1491 2760 1646 2816 scripto
1665 2763 1808 2804 nostro
1830 2760 1972 2817 sigilla
1992 2765 2135 2805 nostra

190 2851 474 2910 apposuimus.
537 2850 640 2893 Hiis
669 2850 847 2894 testibus
870 2884 879 2894 .
902 2851 932 2894 J
935 2866 1122 2893 OHANNE
1155 2851 1341 2894 ROBERT
1368 2884 1377 2893 .
1401 2851 1556 2893 DAvn)
1588 2865 1642 2907 ap
1674 2850 1895 2894 GRUFFIT'
1927 2867 1980 2908 ap
2013 2851 2135 2895 REEs

188 2943 351 2988 VELYN
374 2973 385 2986 .
409 2941 586 2984 Hoxvm
607 2957 661 2998 ap
683 2941 836 2984 DAvm
858 2957 911 2998 ap
934 2942 1094 2985 GRoxo
1118 2975 1128 2986 .
1151 2942 1319 2985 ΤΗΟΜΑ
1342 2941 1586 2985 REYMOND’
1613 2975 1621 2984 .
1647 2941 1816 2984 ΤΗΟΜΑ
1837 2957 1891 2998 ap
1914 2942 2135 2986 GRUFFIT'

191 3032 350 3077 me'
376 3065 385 3075 .
408 3035 450 3075 et
470 3032 576 3075 aliis.
