2386 3645
1927 246 2036 288 1281

149 460 245 488 meo
272 445 318 487 in
347 444 536 500 predicto
563 446 808 486 tenemento
836 444 1009 500 aliquod
1035 445 1107 501 jus
1127 446 1195 488 vel
1215 446 1415 489 clamium
1435 447 1624 491 decetero
1644 449 1813 506 exigere
1833 451 2063 506 poterimus
2080 485 2090 495 .

147 537 221 580 sed
249 536 301 578 ab
329 536 446 577 omni
474 535 642 577 accione
673 535 720 577 in
752 535 901 577 eodem
930 535 978 577 in
1008 538 1263 591 perpetuum
1292 552 1368 592 per
1395 541 1610 593 presentes
1639 540 1769 583 simus
1798 543 1968 585 exclusi.
2028 542 2086 586 In

152 627 220 684 cuj
226 643 275 669 us
294 627 356 669 rei
376 626 669 668 testimonium
690 626 773 668 hiis
793 626 1059 682 presentibus
1078 627 1213 669 literis
1232 627 1338 669 meis
1358 628 1549 684 sigfflum
1570 644 1712 672 meum
1731 632 1920 687 apposui.

211 719 376 761 Datum
397 718 511 772 apud
533 716 750 759 KAERDIF
772 717 841 759 die
869 717 899 759 J
902 718 991 759 ovis
1012 717 1210 772 proxima
1234 720 1330 773 post
1348 718 1507 761 festum
1527 718 1674 762 Sancti
1693 720 1818 763 LUcE
1840 723 2098 778 evangeliste

151 825 263 852 anno
283 809 406 865 regni
428 808 561 864 Regis
582 808 809 851 EDWARDI
830 809 946 850 tertii
969 812 1063 864 post
1083 812 1360 865 conquestum
1380 810 1577 853 vicesimo
1598 811 1759 867 quinto.

208 900 368 942 Round
409 900 508 952 seal,
544 899 674 941 white
715 915 822 952 Ναὶς,
861 900 991 942 about
1030 900 1110 943 lin.
1154 900 1282 943 diam.
1344 901 1516 954 Device,
1557 916 1583 944 a
1622 905 1709 944 star
1748 902 1793 945 of
1831 903 1952 960 eight
1984 920 2093 960 rays.

151 990 331 1048 Legend
353 990 514 1033 broken
536 991 608 1033 off.
2030 986 2034 990 ’

1063 1383 1197 1428 MVI.

148 1490 352 1534 FINAL
383 1489 671 1534 CONCORD
703 1489 776 1533 IN
811 1490 942 1533 THE
976 1490 1182 1534 COURT
1215 1491 1292 1534 OF
1324 1491 1565 1544 GOWER,
1602 1492 1931 1536 WHEREBY
1975 1493 2106 1536 THE

292 1581 520 1625 MANOR.
580 1581 716 1624 AND
773 1580 1130 1625 ADVOWSON
1194 1582 1273 1625 OF
1335 1582 1597 1627 OXWIOH
1646 1583 1775 1626 ΑΒΕ
1824 1584 2103 1628 SETTLED

297 1672 472 1715 UPON
531 1672 716 1724 JOHN,
761 1671 878 1715 SON
926 1673 1004 1715 OF
1057 1672 1308 1716 ROBERT
1359 1674 1444 1717 DE
1495 1673 1754 1728 PENRES,
1799 1675 2106 1719 JOHANNA

295 1763 403 1807 HIS
455 1763 639 1816 WIFE,
703 1763 839 1807 AND
891 1763 1099 1806 THEIR
1150 1764 1359 1817 HEIRS,
1410 1765 1498 1807 BY
1547 1765 1837 1808 RIOHARD
1887 1766 1972 1808 DE
2021 1766 2107 1810 LA

294 1855 490 1907 MARE,
523 1854 747 1906 GLERK,
783 1855 919 1897 AND
953 1854 1247 1898 WILLIAM
1277 1855 1359 1898 LE
1390 1856 1664 1909 FRENOH,
1696 1856 2037 1901 CHAPLAIN.

871 1964 1103 2018 [MARGAM
1135 1963 1392 2021 CHARTER.]

1217 2073 1241 2114 5
1273 2072 1457 2115 MARCH.
1519 2073 1575 2114 26
1605 2072 1734 2115 Enw.
1767 2072 1858 2115 III.
1922 2074 2045 2116 1352.

207 2181 305 2225 Hec
339 2184 403 2224 est
433 2181 573 2224 finalis
604 2180 826 2223 concordia
855 2180 970 2222 facta
999 2181 1044 2222 in
1080 2180 1285 2223 comitatu
1316 2180 1480 2223 domini
1506 2181 1536 2224 J
1538 2194 1738 2223 OHANNIS
1762 2182 1815 2224 de
1842 2180 2105 2224 MOUNBRAY

138 2274 260 2329 >apud
280 2272 512 2328 SWEYNEs'
537 2273 605 2315 die
626 2272 751 2314 Lune
773 2272 924 2327 quinto
946 2272 1014 2314 die
1036 2271 1191 2314 mensis
1212 2271 1398 2325 MARCII,
1420 2287 1532 2314 anno
1552 2272 1675 2328 regni
1705 2272 1840 2328 Regis
1868 2272 2095 2315 EDWARDI

143 2364 262 2407 tercii
283 2366 379 2420 post
399 2366 677 2419 conquestum
699 2363 897 2404 vicesimo
919 2365 1050 2415 sexto,
1074 2377 1214 2404 coram
1234 2362 1406 2404 domino
1427 2362 1614 2405 ROGERO
1645 2364 1698 2405 de
1728 2362 1929 2405 HEWYK'
1961 2363 2096 2405 milite

143 2458 246 2498 tunc
268 2454 494 2497 senescallo
519 2453 764 2496 GOUHERIE
804 2487 812 2496 .
852 2453 1039 2495 dominis
1067 2453 1274 2495 RmARno
1308 2452 1633 2496 TURBERVILLE
1667 2487 1676 2496 .
1713 2454 1932 2497 JOHANNE
1965 2455 2017 2496 de
2051 2454 2094 2496 la

147 2546 309 2589 BEERE
352 2580 361 2589 .
404 2546 618 2588 Rossmvro
659 2546 712 2586 de
752 2545 795 2586 la
836 2545 977 2586 Mum
1015 2544 1225 2587 mih'tibus
1271 2578 1279 2586 .
1327 2544 1531 2586 RmARno
1577 2545 1812 2588 SCURLAGE
1848 2579 1858 2588 .
1892 2545 2095 2587 RICARDO

144 2636 348 2679 MANXEL
371 2670 380 2678 .
403 2637 609 2678 RmAano
629 2637 681 2678 de
701 2637 744 2678 la
775 2635 907 2677 BEER
942 2642 984 2677 et
1020 2636 1114 2677 aliis
1145 2635 1250 2678 dicti
1284 2635 1447 2678 domini
1482 2635 1511 2678 J
1513 2649 1712 2678 oHANNIS
1744 2636 1796 2677 de
1830 2634 2095 2678 MOUNBRAY

144 2728 341 2771 fidelibus
372 2731 474 2770 tunc
508 2727 668 2769 ibidem
695 2726 962 2782 presentibus
990 2727 1103 2768 inter
1128 2726 1385 2769 JOHANNEM
1417 2726 1554 2768 filium
1589 2726 1792 2769 Rossmm
1827 2727 1879 2768 de
1909 2725 2091 2768 PENRES

145 2819 295 2861 mffitis
316 2822 357 2861 et
379 2817 408 2861 J
411 2832 636 2861 OHANNAM
658 2832 836 2860 uxorem
857 2817 950 2873 ejus
971 2819 1161 2872 petentes
1182 2819 1224 2858 et
1247 2816 1493 2859 RICARDUM
1514 2817 1566 2858 de
1585 2817 1627 2858 la
1648 2815 1787 2859 MARE
1820 2816 2017 2859 clericum
2047 2819 2091 2859 et

147 2909 450 2953 WILLELMUM
489 2909 530 2951 le
571 2908 823 2950 FERENCHE
860 2908 1128 2963 capellanum
1159 2910 1353 2950 tenentes
1387 2908 1439 2950 de
1470 2922 1642 2949 manere
1674 2908 1726 2949 de
1760 2906 2018 2949 OXINWICH'
2051 2910 2094 2950 et

138 3001 198 3043 —de
230 3001 508 3043 advocatione
542 2999 711 3042 ecclesie
745 3001 798 3042 de
835 2999 1095 3042 OXINwicH'
1132 3014 1229 3042 cum
1263 2998 1533 3055 pertinentiis
1563 2998 1661 3041 suis.
1721 2997 1855 3040 Unde
1888 2998 2094 3054 placitum

353 3141 422 3176 7L
