2386 3645
264 280 375 322 1628

199 485 370 528 vivariis
401 487 585 542 aquariis
615 487 797 543 pissibus
826 487 934 530 haiis
965 488 1086 531 fossis
1116 489 1281 531 fossatis
1310 490 1519 532 warennis
1540 490 1668 532 vastis
1689 490 1878 533 comunis
1909 493 1950 533 et
1980 490 2025 532 in
2056 505 2143 533 uno

197 591 344 618 manso
367 577 433 619 vel
454 578 690 634 messuagio
712 578 878 634 cotagio
900 594 995 621 cum
1016 578 1211 621 omnibus
1232 579 1498 623 libertatibus
1518 581 1630 623 dicto
1651 595 1776 636 parco
1805 581 2042 637 messuagio
2072 582 2140 623 vel

196 681 342 708 manso
355 667 666 722 pertinentibus
682 668 711 711 J
715 683 891 710 OHANNI
910 669 1019 711 HAY
1040 670 1092 712 de
1107 669 1282 713 SUTTON
1304 670 1499 713 BENGER
1519 671 1564 712 in
1579 671 1782 713 comitatu
1797 670 1967 714 WILTs'
1981 685 2139 725 yoman

196 757 427 798 secundum
447 757 534 799 vim
555 758 737 800 formam
759 763 800 801 et
832 760 1031 801 effectum
1062 760 1286 815 cujusdam
1317 765 1428 802 carte
1458 776 1549 803 mee
1578 761 1679 803 inde
1712 761 1899 816 predicto
1932 760 1961 803 J
1963 775 2140 803 OHANNI

197 845 335 887 ΗΑΥΕ
357 848 523 902 plenius
543 849 732 891 confecto
749 853 889 892 ratum
910 853 952 892 et
972 853 1143 906 gratum
1159 850 1406 892 habiturum
1421 851 1621 907 quicquid
1637 851 1766 893 iidem
1782 851 1810 893 J
1813 865 2021 893 OHANNES
2039 850 2140 893 Dm:

195 938 237 978 et
259 936 479 980 GRYFFTH
502 954 555 994 ap
578 939 780 981 MORGAN
802 940 1064 996 conjunctim
1085 944 1126 982 et
1160 941 1328 983 divisim
1362 941 1539 984 fecerint
1566 942 1611 984 in
1639 942 1863 997 premissis.
1926 941 1981 984 In
2018 942 2141 998 cujus

193 1026 254 1068 rei
275 1028 566 1071 testimonium
589 1030 779 1085 sigillum
799 1045 941 1072 meum
962 1031 1226 1086 presentibus
1247 1032 1436 1087 apposui.

250 1117 353 1160 Dat’
402 1120 516 1174 apud
566 1119 741 1162 COYTYF
802 1121 846 1162 in
900 1121 1008 1163 festo
1060 1120 1205 1163 Sancti
1256 1122 1514 1164 MICHAELIS
1564 1122 1808 1178 archangeli
1859 1138 1970 1165 anno
2018 1123 2141 1179 regni

192 1207 326 1264 Regis
348 1209 553 1251 HENRICI
577 1211 685 1252 sexti
706 1214 801 1266 post
821 1214 1097 1267 conquestum
1118 1212 1328 1254 tricesimo
1349 1212 1499 1267 primo.

250 1299 360 1353 Seal,
385 1301 461 1343 red.
481 1316 588 1353 waX‚
611 1301 785 1344 broken.
848 1301 995 1344 Shield
1016 1303 1062 1344 of
1071 1318 1195 1355 arms,
1214 1303 1443 1358 quarterly.
1510 1304 1531 1345 1
1555 1305 1641 1346 and
1662 1305 1689 1346 4
1710 1304 1911 1356 defaced;
1945 1305 1970 1346 2
1988 1305 2074 1346 and
2095 1305 2140 1347 3.

193 1390 331 1432 Three
353 1390 450 1433 bars
476 1407 611 1447 Wavy.

250 1481 546 1524 Endorsed—-‘
563 1482 607 1525 A
623 1483 748 1525 letter
763 1484 808 1526 of
829 1486 1057 1539 attourney
1078 1489 1122 1526 to
1138 1485 1315 1540 delyuer
1336 1485 1463 1527 seizin
1481 1485 1526 1528 of
1545 1486 1618 1527 the
1636 1485 1765 1528 Grete
1781 1486 1886 1542 park
1902 1486 1947 1528 in
1965 1485 2142 1528 Ooitiff.'

251 1573 375 1615 Deed
396 1573 499 1629 poll.

1065 1816 1275 1860 MOXOI.

196 1920 412 1965 GRANT
474 1922 559 1964 BY
620 1922 869 1965 ROBERT
927 1923 1188 1966 NERBER
1244 1923 1320 1967 ΤΟ
1379 1924 1637 1967 THOMAS
1688 1924 1958 1968 LYDDYN
2007 1925 2141 1969 AND

340 2013 632 2056 WILLIAM
719 2014 802 2056 ΑΡ
892 2014 1310 2067 LLEWELLYN,
1392 2016 1470 2058 OF
1550 2016 1680 2059 THE
1761 2016 1987 2059 MANOR
2066 2016 2145 2059 OF

340 2103 724 2147 LANOOVIAN.

992 2179 1111 2236 [ΕΘΝ
1119 2194 1210 2222 MON
1243 2180 1361 2237 Ms]

515 2285 726 2328 TUESDAY
756 2301 902 2328 AFTER
933 2286 1001 2329 ST.
1036 2287 1197 2329 Dssms’
1229 2288 1344 2330 DAY.
1408 2289 1433 2329 3
1457 2288 1557 2330 OCT.
1621 2289 1673 2330 31
1697 2288 1822 2331 ΗΕΝ.
1846 2288 1927 2331 VI.
1994 2289 2115 2330 1452.

256 2391 402 2434 Sciant
452 2396 665 2447 presentes
715 2397 757 2436 et
798 2394 935 2436 futuri
981 2396 1092 2450 quod
1144 2410 1222 2450 ego
1274 2395 1513 2437 Ronmanis
1564 2396 1761 2438 NERBER
1810 2396 1994 2451 armiger
2048 2396 2148 2437 dedi

200 2483 382 2525 concessi
405 2486 446 2525 et
476 2483 554 2525 hac
585 2485 771 2539 presenti
801 2488 915 2528 carta
945 2500 1040 2528 mea
1071 2486 1316 2528 confirmavi
1361 2486 1527 2529 ΤΗΟΜΕ
1571 2486 1765 2528 LYDDYN
1807 2490 1850 2529 et
1892 2486 2150 2530 WILLELMO

200 2588 254 2629 ap
275 2572 565 2615 LLEWELLYN
586 2575 823 2617 manerium
853 2591 996 2618 meum
1026 2577 1079 2618 de
1109 2575 1376 2618 LANCOVIAN
1410 2592 1506 2619 cum
1539 2577 1810 2633 pertinenciis
1834 2577 1945 2619 infra
1976 2577 2149 2620 feodum

202 2665 255 2706 de
275 2663 611 2706 LANBLETHIAN
633 2681 797 2707 necnon
819 2667 962 2709 omnia
982 2670 1113 2709 terras
1134 2670 1177 2709 et
1197 2670 1440 2709 tenementa
1459 2671 1582 2723 prata
1603 2683 1756 2723 pascua
1786 2670 1978 2723 pasturas
2007 2667 2151 2710 boscos

203 2755 394 2796 redditus
415 2755 636 2810 pensiones
658 2758 699 2797 et
720 2757 906 2809 servicia,
930 2772 1025 2799 cum
1046 2757 1318 2813 pertinenciis
1339 2774 1421 2813 que
1442 2758 1573 2800 habui
1594 2758 1639 2800 in
1661 2757 1929 2800 LANCOVIAN
1960 2758 2149 2813 predicto

205 2848 281 2888 etc.
344 2845 610 2888 Habendum
651 2851 693 2889 et
733 2849 966 2890 tenendum
1006 2849 1245 2891 manerium
1284 2850 1522 2904 predictum
1562 2864 1727 2892 necnon
1763 2849 1906 2892 omnia
1941 2852 2074 2891 terras
2109 2851 2152 2891 et

203 2938 448 2978 tenementa
482 2940 604 2992 prata
635 2953 788 2993 pascua
817 2942 1010 2994 pasturas
1039 2940 1181 2982 boscos
1207 2940 1398 2982 redditus
1433 2940 1655 2996 pensiones
1680 2943 1722 2982 et
1758 2940 1932 2982 servicia
1963 2939 2153 2996 predicta

204 3041 300 3068 cum
320 3027 594 3082 pertinenciis
614 3028 792 3084 prefatis
823 3028 989 3072 ΤΗΟΜΕ
1025 3033 1066 3072 et
1102 3029 1359 3073 W1LLELMo
1389 3030 1616 3073 heredibus
1647 3034 1689 3073 et
1725 3031 1951 3087 assignatis
1987 3030 2073 3072 suis
2100 3030 2154 3072 de
