2386 3645
1938 255 2048 298 1385

1019 481 1246 526 MLXXI.

165 607 415 652 REGORD
467 605 545 649 OF
596 605 639 647 A
690 600 835 646 SUIT
884 597 1201 643 BETWEEN
1251 594 1508 639 THOMAS
1558 593 1644 638 DE
1694 592 2104 645 BEAUOHAMP,

311 696 482 741 EARL
543 694 622 738 OF
681 689 1018 743 WARWIGK,
1080 688 1214 732 AND
1272 687 1301 730 J
1305 685 1441 730 OHN
1508 684 1593 728 DE
1659 682 1974 727 MOUBRAY
2029 682 2106 725 OF

311 785 642 837 AXHOLME,
714 779 1124 826 OONGERNING
1183 778 1315 822 THE
1376 775 1609 820 OASTLE
1669 774 1748 817 OF
1806 772 2108 817 SWANSEA

312 877 446 921 AND
487 875 618 919 THE
660 872 835 917 LAND
877 871 956 914 OF
1008 869 1249 914 GOWER.
1323 864 1704 910 EXTRAOTED
1754 863 1842 908 BY
1896 863 2110 906 ORDER

314 969 393 1012 OF
434 965 725 1011 RIOHARD
765 964 832 1007 II.
875 961 1051 1006 FROM
1091 961 1223 1004 THE
1264 958 1476 1011 ROLLS,
1517 957 1622 1000 ETo.

474 1074 628 1132 [Bm.
649 1073 767 1116 Mus.
831 1070 1006 1114 Gomon
1028 1068 1124 1112 MS·
1185 1068 1350 1112 JUL1Us
1371 1066 1424 1110 B.
1446 1064 1560 1109 XII.
1583 1064 1615 1107 f.
1641 1065 1721 1106 181
1743 1062 1809 1120 b.]

1329 1175 1382 1217 12
1404 1173 1542 1217 JUNE.
1607 1173 1659 1215 19
1683 1171 1781 1214 R1c.
1804 1169 1870 1213 Π.
1933 1170 2059 1213 1396.

232 1292 398 1335 Placita
446 1291 558 1334 inter
593 1288 799 1332 THoMAM
835 1288 889 1330 de
924 1285 1079 1329 Bam
1114 1283 1273 1326 OAMPo
1305 1282 1503 1326 comitem
1537 1277 1796 1324 WARWICK'
1833 1280 2048 1333 petentem
2079 1280 2123 1319 et

172 1384 202 1427 J
205 1397 431 1426 OHANNEM
466 1381 519 1423 de
549 1380 780 1422 MOUBRAY
808 1378 861 1420 de
888 1376 1142 1419 AXIHOLME
1173 1374 1478 1417 deforciantem
1505 1373 1558 1414 de
1586 1373 1720 1414 castro
1756 1370 1809 1412 de
1842 1368 2120 1412 SWEYNESEY

173 1478 217 1518 et
249 1478 363 1518 terra
395 1474 448 1516 de
485 1471 799 1515 GOWERSLOND
834 1469 881 1510 in
917 1467 1127 1512 WALLIA.

233 1565 447 1609 Dominus
468 1563 565 1606 Rex
586 1561 808 1605 mandavit
828 1557 1091 1602 thesaurario
1112 1560 1154 1599 et
1182 1554 1413 1598 baronibus
1441 1553 1527 1596 suis
1553 1553 1680 1596 breve
1707 1565 1832 1594 suum
1861 1550 2052 1593 clausum
2079 1549 2126 1591 in

175 1657 253 1700 hec
273 1655 401 1699 verba
417 1671 487 1698 :—

232 1747 464 1791 Rmnmns
486 1745 570 1788 Dei
592 1743 733 1801 gratia
755 1742 852 1785 Rex
872 1741 1058 1784 ANGLOE
1079 1744 1121 1782 et
1152 1738 1358 1780 ancm
1387 1740 1430 1779 et
1459 1735 1659 1778 dominus
1684 1733 1924 1776 HIBERNIE
1956 1731 2125 1774 thesau-

178 1838 289 1882 rario
311 1841 353 1881 et
373 1835 603 1880 baronibus
624 1834 710 1878 suis
731 1834 925 1876 salutem.
978 1831 1093 1878 Quia
1104 1830 1151 1873 in
1167 1829 1338 1872 recordo
1354 1830 1396 1871 et
1411 1842 1606 1884 processu
1622 1841 1670 1868 ac
1686 1826 1816 1868 etiam
1831 1825 1876 1867 in
1892 1823 2131 1867 reddicione

172 1929 326 1987 judicii
345 1928 513 1985 loquele
534 1941 616 1983 que
638 1925 722 1968 fuit
743 1925 789 1967 in
811 1923 928 1967 ouria
948 1921 1112 1965 domini
1133 1920 1360 1963 EDWARDI
1381 1933 1518 1975 nuper
1539 1917 1673 1973 Regis
1693 1916 1878 1959 Amm:
1899 1914 1968 1957 avi
1996 1913 2130 1957 nostri

176 2035 314 2065 coram
334 2019 363 2063 J
366 2033 553 2062 OHANNE
574 2018 627 2061 de
648 2016 853 2059 Srononss
874 2018 918 2057 et
938 2013 1059 2057 sociis
1081 2012 1167 2056 suis
1191 2014 1295 2054 tunc
1319 2009 1566 2066 justiciariis
1591 2008 1785 2064 ejusdem
1811 2006 1880 2049 avi
1909 2005 2043 2048 nostri
2073 2005 2126 2046 de

177 2112 312 2155 banco
332 2126 408 2168 per
426 2110 553 2153 breve
574 2109 767 2165 ejusdem
787 2107 858 2150 avi
877 2105 1011 2148 nostri
1031 2105 1085 2147 de
1105 2106 1218 2146 recto
1233 2103 1346 2145 inter
1363 2101 1569 2144 THOMAM
1585 2100 1638 2142 de
1654 2099 1807 2141 BELLo
1821 2097 1978 2140 OAMPo
1992 2111 2129 2152 nuper

182 2203 378 2247 comitem
398 2201 653 2245 WARWICK’
675 2201 893 2256 petentem
913 2200 956 2240 et
976 2196 1006 2240 J
1008 2209 1234 2238 OHANNEM
1255 2194 1308 2237 de
1323 2192 1553 2235 Monmm
1573 2195 1677 2234 tunc
1691 2192 1908 2234 tenentem
1923 2189 1977 2231 de
1993 2191 2127 2231 castro

182 2295 235 2337 de
256 2293 532 2336 SWEYNESEY
553 2295 594 2334 et
615 2294 728 2333 terra
747 2291 800 2333 de
822 2289 995 2333 Gowm
1016 2302 1112 2330 cum
1133 2284 1406 2343 pertinenciis
1441 2284 1487 2325 in
1512 2282 1710 2327 WALLIA
1734 2295 1848 2324 error
1874 2279 2126 2323 manifestus

182 2384 412 2428 intervenit
433 2384 488 2425 ad
518 2397 646 2439 grave
668 2383 904 2437 dampnum
925 2378 1092 2421 THoME
1114 2376 1344 2419 MOUBRAY
1375 2373 1540 2417 comitis
1564 2373 1899 2416 NOTINGHAMIE
1924 2373 1967 2413 et
1990 2384 2123 2412 mare-

184 2474 300 2518 scalli
319 2473 503 2516 Anam
526 2470 829 2528 consanguinei
856 2474 898 2513 et
926 2468 1093 2512 heredis
1121 2467 1300 2524 predicti
1325 2465 1556 2508 J0HANN1S
1585 2464 1638 2505 de
1668 2462 1897 2504 MOUBRAY
1931 2460 2037 2503 sicut
2071 2474 2123 2502 ex

185 2564 356 2621 querela
376 2579 451 2606 sua
472 2562 706 2619 accepimus
738 2595 746 2603 .
780 2560 872 2604 Nos
892 2574 1076 2603 errorem
1096 2558 1131 2601 si
1151 2557 1246 2613 quis
1266 2555 1395 2598 fuerit
1414 2555 1540 2597 modo
1560 2553 1703 2596 debito
1725 2551 1878 2607 corrigi
1891 2553 1933 2593 et
1952 2551 2122 2606 plenam

183 2660 228 2698 et
258 2655 434 2698 celerem
463 2653 678 2710 justiciam
705 2652 797 2695 fieri
827 2651 1018 2694 volentes
1047 2649 1093 2691 in
1117 2648 1196 2691 hac
1220 2650 1340 2703 parte
1366 2645 1485 2689 vobis
1511 2645 1764 2687 mandamus
1787 2642 1901 2698 quod
1930 2640 2125 2684 scrutatis

182 2745 335 2789 rotulis
354 2743 639 2800 predictorum
665 2742 997 2798 justiciariorum
1027 2740 1101 2795 qui
1133 2739 1179 2781 in
1212 2736 1473 2781 thesauraria
1497 2738 1641 2779 nostra
1667 2733 1746 2776 sub
1771 2732 1959 2774 custodia
1986 2734 2124 2773 vestra

185 2835 376 2879 existunt
395 2837 445 2877 ut
465 2833 621 2877 dicitur
639 2833 859 2875 recordum
884 2830 970 2888 [et]
994 2843 1234 2886 processum
1254 2827 1443 2884 predicta
1463 2840 1560 2867 cum
1575 2823 1770 2867 omnibus
1787 2837 1835 2864 ea
1850 2820 2127 2877 tangentibus

187 2925 309 2969 nobis
330 2924 407 2968 sub
428 2924 568 2980 sigillo
590 2922 782 2967 scaccarii
802 2922 937 2965 nostri
957 2921 1156 2964 distincte
1181 2922 1224 2962 et
1253 2921 1397 2974 aperte
1427 2917 1517 2959 sine
1542 2914 1746 2957 dilatione
1773 2912 1954 2955 mittatis
1978 2914 2021 2953 et
2049 2910 2128 2953 hoc

190 3016 316 3060 breve
349 3048 357 3057 .
391 3014 463 3058 Ita
484 3015 597 3070 quod
618 3028 667 3055 ea
686 3012 918 3056 habeamus
947 3012 992 3054 in
1024 3010 1182 3054 octabis
1213 3008 1359 3052 Sancti
1386 3007 1415 3051 J
1418 3020 1616 3050 OHANNIS
1644 3005 1867 3047 BAPTISTE
1892 3002 2134 3058 ubicunque

398 3156 468 3189 7Y
