2386 3645
1990 310 2102 352 1427

990 495 1262 540 MLXXVI.

195 602 601 650 INQUISITION
642 602 856 646 AFTER
897 602 1029 646 THE
1069 603 1355 647 DEOEASE
1396 604 1474 646 OF
1514 604 1617 648 SIR
1655 605 1823 649 JOHN
1863 607 1948 649 DE
1988 607 2074 650 LA

798 693 983 747 BERE,
1023 693 1161 737 AND
1203 693 1465 737 OTHERS.

993 817 1068 875 [G.
1102 817 1155 861 G.
1188 817 1264 875 E]

1267 928 1292 968 5
1325 925 1510 969 MARCH.
1572 927 1628 968 20
1660 927 1759 970 Rm.
1793 926 1857 969 II.
1922 928 2045 970 1397.

1294 1035 1349 1076 24
1379 1034 1511 1078 JULY.
1573 1035 1629 1076 22
1660 1033 1759 1077 Rw.
1792 1033 1856 1076 II.
1920 1035 2044 1076 1398.

222 1141 388 1198 lCopia,
421 1141 499 1184 sub
537 1141 679 1198 sigillo
710 1141 985 1193 cancellariae,
1017 1141 1346 1197 inquisitionum
1378 1145 1597 1198 captarum
1626 1142 1673 1184 in
1704 1141 1876 1184 GOWER
1908 1140 2096 1198 1397[8]

142 1237 237 1290 post
272 1237 428 1277 mortes
467 1234 702 1277 JOHANNIS
736 1234 790 1277 de
826 1234 869 1276 la
900 1234 1030 1276 BER-E
1061 1234 1224 1286 militis,
1258 1235 1311 1277 de
1342 1237 1476 1276 castro
1507 1235 1561 1277 de
1599 1233 1847 1286 WEBBELY‚
1885 1234 1959 1289 qui
1994 1233 2099 1277 obiit

148 1326 284 1377 13803
317 1325 429 1368 RESI
461 1340 515 1381 ap
548 1324 780 1368 GRIFFITH
812 1324 1009 1377 chivaler,
1032 1326 1084 1367 de
1110 1325 1310 1370 maneriis
1342 1326 1395 1368 de
1412 1324 1626 1367 PENREES
1652 1328 1696 1367 et
1716 1325 2005 1378 PORTEYNON,
2027 1324 2101 1380 qui

143 1416 234 1460 obit
254 1416 363 1459 circa
387 1417 524 1469 13703
556 1416 586 1460 J
589 1430 791 1459 OHANNIS
815 1415 1049 1468 CLEMENT‚
1071 1417 1124 1460 de
1146 1415 1385 1469 PENNARD,
1406 1416 1481 1472 qui
1501 1416 1606 1460 obiit
1629 1417 1753 1458 1385.

201 1516 433 1573 Inquisitio
485 1519 609 1572 capta
658 1516 772 1572 apud
822 1515 1054 1559 SWONNEs’
1113 1531 1253 1559 coram
1303 1516 1522 1559 JOHANNE
1574 1515 1714 1560 SEINT
1777 1515 1806 1559 J
1809 1530 1903 1558 OHN
1964 1515 2101 1558 milite

142 1609 370 1652 senescallo
406 1612 517 1652 terre
551 1609 603 1651 de
638 1608 812 1652 GOWER
841 1608 911 1651 die
940 1608 1065 1651 Lune
1098 1608 1289 1664 proximo
1311 1612 1404 1664 post
1435 1608 1595 1650 festum
1625 1607 1772 1650 Sancti
1801 1607 1956 1650 DAvm
1986 1622 2099 1650 anno

142 1700 267 1756 regni
319 1699 453 1756 Regis
504 1700 702 1742 RICARDI
755 1699 928 1742 secundi
978 1703 1073 1755 post
1125 1702 1400 1755 conquestum
1438 1698 1635 1741 vicesimo
1674 1714 1750 1755 per
1789 1700 2099 1742 sacramentum

141 1790 339 1833 RmAnm
360 1790 559 1835 VERNON
580 1790 732 1834 militis
756 1824 764 1833 .
790 1790 958 1833 ΤΗοΜΕ
992 1790 1152 1833 DENYS
1172 1790 1322 1833 militis
1344 1824 1352 1833 .
1376 1789 1592 1832 MoRGAN'
1625 1789 1837 1832 PENREES
1860 1823 1869 1832 .
1901 1789 2099 1832 RmARm

140 1882 399 1925 MAUNCELL
424 1917 431 1924 .
454 1882 484 1926 J
487 1897 689 1925 OHANNIS
711 1881 838 1924 OADY
859 1916 868 1925 .
892 1882 921 1926 J
925 1897 1125 1924 OHANNIS
1145 1882 1241 1924 AAs
1265 1915 1273 1924 .
1299 1881 1503 1924 Rossmm
1525 1880 1716 1923 THOMAs
1737 1882 1789 1923 de
1808 1880 2069 1922 LANDYMOR
2087 1913 2096 1923 .

141 1973 297 2017 DAVID
336 1973 465 2017 GoGH
509 2008 517 2016 .
562 1973 767 2016 ROBERTI
804 1975 856 2016 de
889 1974 932 2016 la
967 1974 1108 2016 MARE
1151 2008 1159 2016 .
1206 1973 1455 2016 WILLELMI
1500 1973 1595 2015 AAs
1637 2006 1645 2015 .
1690 1972 1857 2015 ΤΗΟΜΕ
1901 1971 1931 2015 J
1934 1972 2009 2014 OH’
2055 1973 2098 2015 et

139 2065 170 2108 J
172 2079 371 2107 OHANNIS
423 2064 675 2107 GRYFFYTH
726 2066 800 2121 qui
850 2066 1001 2108 dicunt
1051 2080 1176 2121 super
1225 2067 1534 2106 sacramentum
1584 2078 1709 2106 suum
1759 2064 1873 2120 quod
1922 2063 2097 2119 quidam

140 2155 170 2199 J
173 2170 383 2198 OHANNES
407 2157 459 2199 de
479 2156 522 2198 la
551 2155 683 2199 BERE
705 2156 892 2199 chivaler
913 2156 987 2212 qui
1008 2157 1060 2198 de
1083 2155 1256 2198 domino
1277 2155 1418 2198 tenuit
1438 2158 1622 2197 castrum
1642 2156 1695 2197 (16
1716 2154 1980 2198 WEBBELEY
2000 2168 2096 2196 cum

139 2246 410 2302 pertinentiis
430 2262 506 2303 per
526 2247 753 2290 servicium
774 2247 961 2289 militare
983 2246 1089 2289 obiit
1109 2246 1210 2288 inde
1231 2246 1396 2288 scisitus
1416 2245 1462 2288 in
1483 2245 1695 2288 dominico
1715 2260 1790 2288 suo
1810 2248 1860 2287 ut
1881 2246 1933 2287 de
1954 2245 2091 2287 feodo.

140 2337 201 2380 Et
221 2338 370 2381 dicunt
397 2339 512 2394 quod
544 2337 649 2381 obiit
681 2338 750 2380 die
772 2338 1002 2381 Dominica
1024 2338 1218 2394 proxima
1239 2340 1333 2393 post
1353 2336 1511 2379 festum
1532 2335 1679 2379 Sancti
1702 2335 1895 2378 MATHEI
1915 2334 2095 2392 apostoli

139 2443 252 2471 anno
286 2429 410 2486 regni
446 2429 581 2486 Regis
618 2428 815 2472 RICARDI
854 2429 1033 2485 predicti
1067 2428 1373 2471 terciodecimo.
1435 2428 1495 2470 Et
1528 2427 1677 2470 dicunt
1710 2428 1823 2483 quod
1856 2426 2094 2483 predictum

140 2522 325 2562 castrum
346 2534 443 2562 cum
464 2519 734 2575 pertinentiis
756 2520 872 2563 valet
892 2520 938 2562 in
959 2519 1156 2562 omnibus
1177 2518 1361 2561 exitibus
1381 2519 1508 2575 juxta
1522 2533 1672 2560 verum
1692 2517 1879 2561 valorem
1899 2516 2092 2573 ejusdem

138 2625 214 2666 per
234 2625 396 2654 annum
416 2612 563 2654 decem
583 2626 759 2654 marcas.
821 2610 881 2654 Et
914 2611 1064 2654 dicunt
1093 2611 1205 2667 quod
1237 2610 1267 2653 J
1269 2624 1479 2653 OHANNES
1509 2611 1561 2652 de
1590 2610 1633 2652 la
1663 2609 1793 2651 BERE
1824 2612 1886 2651 est
1906 2608 2020 2651 filius
2049 2610 2093 2651 et

137 2700 258 2744 heres
297 2701 476 2757 predicti
515 2701 546 2746 J
548 2716 750 2745 OHANNIS
789 2703 842 2744 de
881 2703 924 2745 la
967 2701 1097 2744 BERE
1137 2702 1322 2744 chivaler
1355 2701 1632 2758 propinquior
1666 2704 1709 2743 et
1740 2700 1825 2742 fuit
1860 2699 1985 2743 etatis
2014 2713 2088 2741 xv,

136 2807 347 2835 annorum
382 2793 437 2835 ad
473 2793 634 2836 festum
669 2792 815 2836 Sancti
853 2793 1114 2836 MICHAELIS
1150 2793 1302 2836 ultimo
1334 2793 1586 2849 preteritum
1614 2807 1701 2835 non
1731 2792 1966 2834 maritatus.
2027 2789 2088 2832 Et

136 2883 285 2925 dicunt
317 2884 431 2939 quod
468 2883 658 2926 Tnoms
679 2898 817 2926 comes
850 2883 1157 2927 WARREWYK'
1175 2884 1314 2927 exitus
1334 2887 1377 2927 et
1396 2884 1581 2940 proficua
1601 2883 1704 2926 dicti
1725 2882 1849 2925 castri
1870 2897 1965 2924 cum
1995 2896 2088 2937 per·

134 2973 327 3016 tinentiis
360 2973 708 3029 provenientibus
744 2989 770 3016 a
800 2974 869 3016 die
900 2974 1041 3017 obitus
1061 2974 1165 3017 dicti
1201 2974 1230 3018 J
1233 2989 1433 3017 OHANNIS
1462 2975 1514 3016 de
1544 2974 1587 3017 la
1616 2973 1746 3016 BERE
1777 2972 1925 3015 militis
1955 2987 2088 3028 usque

134 3063 249 3106 diem
269 3063 480 3119 capcionis
500 3063 633 3121 hujus
653 3064 944 3120 inquisitionis
965 3065 1185 3121 occupavit
1205 3068 1248 3108 et
1269 3065 1457 3121 percepit
1476 3072 1560 3121 quo
1580 3064 1708 3107 titulo
1729 3063 1942 3120 ignorant.
