2386 3645
192 306 300 348 1382

134 513 393 555 MICHAELIS
431 526 567 554 unum
606 525 753 553 canem
785 510 837 552 de
870 512 991 551 muta
1022 523 1098 564 pro
1133 508 1249 551 omni
1283 507 1455 550 servicio
1488 508 1543 549 ad
1574 507 1805 549 terminum
1842 507 1928 549 vite
1963 507 2073 549 dicte

134 604 163 648 J
167 618 353 646 OHANNE
375 619 427 645 ex
448 602 690 645 dimissione
710 616 845 657 nuper
865 600 979 642 facta
998 615 1073 656 per
1103 599 1129 641 J
1133 613 1357 641 OHANNEM
1378 598 1659 641 BAwm-:RYP2
1679 601 1720 640 et
1741 597 2073 640 ELIZABETHAM

134 709 310 737 uxorem
349 693 442 749 ejus
482 696 524 736 et
565 693 819 736 Rossssm-UM
859 690 1143 733 UNDERHILL
1183 693 1226 732 et
1265 689 1445 732 IUETAM
1485 703 1661 731 uxorem
1705 688 1800 744 ejus
1838 687 2072 730 EDWARDO

134 784 342 828 KERDYF’
383 799 518 840 nuper
559 783 647 826 viro
687 782 873 838 predicte
911 781 940 824 J
944 795 1128 823 OHANNE
1177 783 1220 822 et
1268 780 1454 835 predicte
1502 779 1721 822 JOHANNE
1760 781 1802 821 et
1851 778 2076 821 heredibus

133 877 236 920 dicti
271 875 508 918 EDWARm.
570 874 631 916 Et
665 874 814 915 dicunt
848 873 960 927 quod
990 871 1203 927 predictus
1233 870 1494 912 EnwARncs
1524 869 1630 912 obiit
1660 869 1749 911 sine
1778 868 2003 912 heredibus
2023 870 2076 912 de

132 982 302 1023 corpore
333 982 408 1009 suo
440 965 703 1008 exeuntibus.
765 963 824 1005 Et
854 963 1003 1004 dicunt
1032 963 1145 1017 quod
1177 961 1390 1016 predictus
1410 961 1670 1003 EDWARDUS
1690 960 1841 1003 habuit
1861 961 2075 1015 quendam

131 1059 308 1102 fratrem
329 1058 626 1101 WILLELMUM
648 1055 854 1097 seniorem
875 1054 948 1108 qui
978 1053 1151 1108 quidem
1175 1051 1457 1095 WILLELMUS
1485 1051 1635 1094 habuit
1665 1052 1828 1094 exitum
1859 1053 2075 1108 quandam

132 1151 264 1193 filiam
295 1153 337 1192 et
371 1149 568 1191 heredem
603 1146 858 1189 JOHANNAM
894 1147 937 1186 et
972 1143 1090 1194 obiit,
1132 1158 1213 1198 que
1253 1143 1424 1198 quidem
1466 1143 1495 1186 J
1499 1157 1687 1185 OHANNA
1722 1143 1873 1186 habuit
1913 1144 2076 1186 exitum

133 1244 239 1284 duas
271 1241 380 1284 filias
411 1242 454 1282 et
487 1239 662 1281 heredes
693 1236 889 1279 videlicet
919 1234 1252 1277 ELIZABETHAM
1283 1237 1326 1276 et
1357 1233 1538 1276 IUETAM
1570 1238 1613 1276 et
1643 1233 1761 1286 obiit,
1793 1249 1874 1289 que
1905 1235 2078 1290 quidem

132 1333 428 1375 ELIZABETHA
449 1329 560 1385 cepit
579 1329 625 1371 in
654 1328 794 1370 virum
824 1325 853 1369 J
856 1339 1082 1368 OHANNEM
1112 1324 1363 1367 BAUDERYP
1386 1327 1428 1366 et
1447 1323 1691 1366 habuerunt
1711 1324 1873 1367 exitum
1893 1325 2005 1367 inter
2034 1340 2078 1368 se

133 1424 349 1480 quandam
380 1422 612 1464 AGNETEM
645 1419 778 1461 filiam
813 1421 856 1459 et
889 1417 1088 1458 heredem
1108 1420 1151 1458 et
1183 1415 1392 1467 obierunt,
1415 1429 1497 1470 que
1518 1416 1690 1470 quidem
1711 1415 1870 1457 AGNEs
1891 1416 2002 1471 cepit
2030 1416 2076 1458 in

134 1515 274 1557 virum
293 1513 323 1557 J
326 1526 551 1555 OHANNEM
572 1511 769 1554 BAssETT
790 1512 832 1551 et
852 1507 1095 1550 habuerunt-
1116 1507 1280 1549 exitum
1297 1507 1511 1562 quendam
1531 1505 1560 1548 J
1564 1520 1789 1548 OHANNEM
1810 1507 1936 1549 modo
1957 1507 2081 1549 etatis

134 1605 355 1649 tresdecim
394 1617 604 1646 annorum
644 1604 687 1644 et
726 1600 920 1656 amplius.
981 1598 1042 1640 Et
1081 1597 1231 1640 dicunt
1271 1598 1384 1652 quod
1423 1597 1612 1652 predicta
1646 1597 1804 1639 AGNEs
1840 1597 1958 1640 obiit.
2018 1597 2079 1640 Et

133 1697 281 1739 dicunt
313 1696 427 1750 quod
463 1693 651 1749 predicta
671 1691 815 1734 IUETA
836 1690 947 1746 cepit
976 1690 1022 1731 in
1044 1689 1182 1731 virum
1205 1687 1459 1730 ROBERTUM
1481 1687 1779 1730 UNDERHILL.
1841 1688 1902 1730 Et
1932 1689 2081 1731 dicunt

133 1788 246 1843 quod
290 1785 468 1841 predicti
510 1785 749 1826 ROBERTUS
789 1786 831 1824 et
871 1781 1015 1823 IUETA
1064 1782 1357 1822 concesserunt
1391 1794 1467 1834 pro
1507 1794 1550 1821 se
1590 1782 1633 1821 et
1674 1779 1902 1822 heredibus
1948 1780 2081 1835 ipsius

135 1878 278 1920 IUETE
328 1877 441 1932 quod
490 1874 695 1917 medietas
744 1872 923 1915 manerii
968 1870 1146 1926 predicti
1196 1885 1292 1912 cum
1341 1870 1612 1925 pertinenciis
1657 1885 1786 1925 quam
1841 1869 2081 1912 HEchus

137 1968 395 2012 GREYNDUR
422 1970 464 2009 et
484 1965 672 2021 predicta
691 1963 720 2006 J
723 1977 912 2005 OHANNA
931 1965 1162 2005 tenuerunt
1183 1962 1238 2003 ad
1258 1960 1489 2003 terminum
1509 1960 1596 2002 vite
1616 1960 1747 2016 ipsius
1777 1960 1807 2003 J
1809 1975 1996 2003 OHANNE
2028 1961 2080 2003 de

139 2060 373 2102 hereditate
403 2057 588 2113 predicte
621 2055 764 2097 IUETE
798 2056 841 2096 et
870 2068 952 2108 que
983 2055 1078 2109 post
1108 2055 1289 2094 mortem
1322 2051 1508 2107 predicte
1539 2051 1567 2094 J
1571 2065 1756 2093 OHANNE
1789 2053 1843 2094 ad
1873 2052 2082 2107 predictos

139 2151 396 2194 ROBERTUM
438 2153 480 2190 et
520 2146 701 2189 IUETAM
731 2148 774 2188 et
812 2144 987 2187 heredes
1022 2143 1155 2199 ipsius
1194 2142 1338 2184 Imm:
1371 2141 1519 2184 debuit
1553 2142 1708 2184 reverti
1743 2145 1839 2198 post
1868 2143 2082 2185 decessum

139 2242 271 2297 ipsius
306 2239 335 2282 J
338 2252 524 2281 OHANNE
560 2238 725 2293 integre
754 2228 1003 2278 remaneant
1036 2233 1239 2275 RmARno
1270 2233 1498 2275 RUYHALE
1528 2232 1690 2288 juniori
1719 2236 1762 2274 et
1791 2233 2084 2276 ELIZABETHE

142 2332 265 2375 uxori
300 2331 394 2387 ejus
430 2333 470 2372 et
502 2328 726 2371 heredibus
747 2328 800 2369 de
820 2325 1062 2381 corporibus
1082 2325 1270 2381 ipsorum
1293 2323 1488 2366 RmARm
1509 2327 1551 2366 et
1572 2323 1870 2366 ELIZABETHE
1891 2325 2084 2367 exeunti-

143 2423 233 2466 bus.
295 2422 355 2463 Et
397 2420 431 2463 si
471 2419 693 2475 contingat
732 2418 845 2473 quod
884 2417 1015 2459 iidem
1055 2415 1286 2458 RICARDUS
1326 2418 1368 2457 et
1418 2414 1714 2456 ELIZABETHA
1764 2415 1946 2458 obierint
1994 2416 2085 2459 sine

143 2513 368 2557 heredibus
397 2513 450 2554 de
472 2509 712 2566 corporibus
742 2508 827 2551 suis
847 2506 1101 2550 exeuntibus
1130 2510 1233 2548 tunc
1252 2509 1347 2562 post
1367 2506 1583 2548 decessum
1607 2506 1795 2561 ipsorum
1816 2505 2012 2548 RmARm
2043 2510 2086 2550 et

145 2605 438 2648 ELIZABETHE
479 2601 667 2658 predicta
705 2599 910 2642 medietas
944 2613 1040 2640 cum
1074 2597 1346 2654 pertinenciis
1377 2597 1544 2652 integre
1577 2600 1826 2639 remaneant
1860 2597 2086 2640 heredibus

141 2697 273 2752 ipsius
308 2695 505 2738 RmARm
541 2693 594 2735 de
626 2705 795 2747 corpore
831 2704 905 2732 suo
940 2689 1167 2744 procreatis
1196 2690 1239 2731 et
1271 2688 1306 2730 si
1340 2688 1486 2730 nullus
1518 2687 1638 2730 heres
1668 2688 1720 2730 de
1752 2702 1921 2744 corpore
1951 2688 2083 2744 ipsius

148 2788 344 2830 R10Am>1
384 2785 516 2827 fuerit
554 2784 795 2840 procreatus
833 2784 936 2824 tunc
984 2780 1174 2836 predicta
1214 2779 1417 2821 medietas
1457 2793 1554 2820 cum
1603 2778 1874 2834 pertinenciis
1922 2779 2090 2835 integre

145 2879 361 2921 remaneat
394 2875 518 2919 rectis
551 2872 777 2916 heredibus
810 2872 942 2928 ipsius
977 2871 1173 2914 RmARm
1208 2885 1282 2926 per
1317 2870 1444 2912 finem
1477 2870 1523 2911 in
1559 2869 1720 2912 curiam
1754 2869 1917 2911 domini
1953 2869 2088 2926 Regis

146 2970 342 3011 levatam.
405 2966 465 3008 Et
498 2966 647 3008 dicunt
682 2965 795 3020 quod
827 2963 1016 3020 predicta
1050 2962 1195 3004 Imm».
1229 2964 1291 3004 est
1326 2961 1451 3003 etatis
1483 2961 1770 3016 quadraginta
1803 2975 2013 3003 annorum
2048 2964 2092 3004 et

149 3059 342 3115 amplius.
403 3057 465 3100 Et
500 3057 648 3099 dicunt
683 3055 797 3111 quod
828 3053 1006 3110 predicti
1038 3053 1122 3095 duo
1155 3052 1324 3095 solidati
1363 3051 1554 3094 redditus
1585 3053 1786 3093 tenentur
1818 3052 1871 3093 de
1902 3050 2091 3106 predicto
