2386 3645
290 265 399 306 1600

234 470 563 513 STRANGWYCH'
581 476 623 513 et
645 470 859 512 HENRlco
882 470 1068 513 CROMPP
1088 471 1231 512 omnia
1251 471 1326 512 illa
1347 474 1478 512 terras
1494 473 1535 512 et
1556 472 1800 512 tenementa
1820 470 2010 511 redditus
2030 472 2072 511 et
2093 484 2175 511 ser-

233 562 341 604 vicia
374 577 469 604 cum
489 562 744 604 molendinis
775 561 907 617 pratis
939 561 1122 616 pasturis
1144 561 1222 602 viis
1255 561 1376 616 aquis
1408 561 1567 603 semitis
1599 560 1761 615 stagnis
1792 559 1979 615 piscariis
2009 559 2177 601 releviis

231 653 402 694 vivariis
414 652 548 694 boscis
561 651 772 695 subboscis
785 652 954 693 wardiis
967 651 1203 707 maritagiis
1216 651 1417 692 eschaetis
1430 653 1472 693 et
1485 650 1606 692 sectis
1619 650 1830 692 curiarum
1843 652 1930 692 tam
1945 649 2173 692 liberorum

231 759 360 798 quam
381 743 622 785 nativorum
644 758 828 785 unacum
848 741 1160 785 revercicnibus
1181 741 1309 784 moris
1329 742 1524 784 marescis
1555 741 1790 783 communis
1811 744 1853 782 et
1874 739 2069 782 omnibus
2091 740 2176 782 suis

230 833 398 889 juribus
434 839 475 875 et
509 834 779 889 pertinenciis
811 833 1144 888 quibuscumque
1176 847 1257 887 que
1288 832 1421 874 habeo
1452 835 1495 874 et
1525 847 1606 886 que
1637 831 1765 873 michi
1795 831 1889 886 jure
1921 830 2175 872 hereditario

229 925 540 967 descendebant
561 930 653 981 post
687 927 900 967 decessum
929 924 1107 979 predicti
1127 923 1156 965 J
1160 937 1359 964 OHANNIS
1382 922 1514 978 patris
1534 922 1618 965 mei
1638 922 1684 964 in
1706 922 1818 963 villis
1839 925 1881 963 et
1901 921 2101 963 dominiis
2121 922 2174 964 de

229 1015 403 1058 GOVER’
426 1020 468 1058 et
501 1016 779 1058 KYDWELLE.
842 1015 1108 1057 Habendum
1141 1022 1183 1055 et
1216 1015 1449 1055 tenendum
1481 1013 1671 1069 predicta
1703 1017 1835 1055 terras
1857 1016 1898 1055 et
1931 1016 2175 1055 tenementa

226 1107 417 1148 redditus
458 1112 500 1148 et
540 1107 713 1148 servicia
743 1121 838 1147 cum
869 1105 1064 1147 omnibus
1095 1105 1179 1146 suis
1209 1104 1377 1160 juribus
1407 1107 1450 1146 et
1479 1104 1749 1159 pertinenciis
1784 1103 1961 1159 prefatis
2002 1103 2174 1145 domino

228 1196 485 1240 WILLELMO
507 1198 536 1241 J
539 1212 716 1239 OHANNI
748 1197 935 1238 Rosmzo
967 1195 1179 1238 HENRICO
1200 1194 1426 1236 heredibus
1448 1196 1490 1236 et
1511 1195 1737 1250 assignatis
1758 1195 1843 1236 suis
1872 1194 2174 1250 inperpetuum

227 1289 279 1331 de
300 1289 552 1345 capitalibus
579 1288 762 1331 dominis
793 1288 909 1329 feodi
940 1288 1055 1329 illius
1075 1302 1149 1342 per
1183 1286 1356 1328 servicia
1388 1286 1488 1328 inde
1521 1285 1664 1327 debita
1684 1289 1727 1327 et
1748 1286 1800 1327 de
1832 1285 1928 1341 jure
1961 1289 2172 1327 consueta.

226 1378 287 1421 Et
319 1395 398 1436 ego
432 1380 646 1435 predictus
679 1379 932 1421 PH1L1PPUS
954 1383 996 1420 et
1028 1378 1202 1419 heredes
1223 1377 1307 1418 mei
1328 1376 1472 1419 omnia
1505 1377 1695 1432 predicta
1717 1380 1848 1418 terras
1870 1380 1911 1418 et
1933 1378 2176 1418 tenementa

226 1489 323 1516 cum
345 1472 491 1514 ceteris
512 1471 816 1527 prenominatis
837 1473 878 1512 et
900 1470 985 1512 suis
1005 1469 1276 1525 pertinenciis
1295 1468 1473 1524 prefatis
1495 1468 1666 1510 domino
1688 1467 1945 1511 WILLELMO
1966 1467 1995 1509 J
1998 1481 2175 1509 OHANNI

228 1565 418 1607 Roomm
449 1566 491 1605 et
522 1562 736 1604 HEcho
768 1561 992 1603 heredibus
1022 1564 1065 1603 et
1095 1560 1322 1616 assignatis
1348 1559 1434 1601 suis
1464 1575 1496 1601 e.
1521 1575 1556 1601 o.
1581 1574 1622 1615 g.
1647 1573 1697 1601 w.
1730 1559 2058 1614 imperpetuum.
2121 1558 2176 1600 In

226 1671 259 1698 c.
291 1671 324 1697 r.
357 1658 387 1696 t.
420 1654 518 1696 huic
548 1653 732 1709 presenti
763 1655 873 1694 carte
893 1668 985 1695 mee
1007 1652 1197 1708 sigillum
1217 1666 1360 1693 meum
1381 1650 1569 1706 apposui.
1647 1650 1749 1692 Hiis
1769 1650 1948 1692 testibus
1971 1682 1979 1691 .
2003 1649 2174 1692 domino

228 1746 395 1789 ΤΗΟΜΕ
419 1743 618 1787 TAYLER'
639 1779 646 1786 .
666 1744 821 1785 DAVID
838 1759 891 1799 ap
910 1743 1145 1786 GWYLLYM
1162 1758 1215 1798 ap
1238 1743 1359 1785 RYSE
1383 1777 1390 1784 .
1416 1742 1675 1786 WILLELMO
1696 1741 1894 1783 BEMOND
1918 1774 1926 1782 .
1951 1740 2176 1782 PHILIPPO

229 1837 366 1879 Mons
391 1870 399 1878 .
425 1836 667 1879 STEPHANO
688 1835 847 1877 BENET
869 1838 911 1878 et
931 1835 1038 1877 aliis.

288 1928 452 1970 Datum
474 1928 588 1983 apud
609 1926 888 1969 OXYNWYCH'
911 1926 1099 1982 predicto
1121 1930 1271 1981 qurato
1298 1925 1383 1979 (sic)
1411 1924 1572 1966 decimo
1594 1923 1662 1965 die
1682 1923 1838 1965 mensis
1867 1923 1977 1965 Maii
2003 1938 2039 1965 a.
2063 1938 2095 1964 r.
2121 1922 2175 1965 R.

231 2020 438 2062 HENRICI
460 2018 568 2060 sexti
589 2034 629 2073 p.
653 2033 686 2060 c.
711 2018 907 2060 vicesimo
928 2017 1123 2060 secundo.

292 2109 388 2152 Sea]
410 2124 531 2165 gone.

297 2201 375 2229 This
391 2200 468 2229 deed
485 2209 551 2228 was
566 2200 725 2238 probably
749 2200 899 2229 intended
916 2202 949 2229 to
965 2208 1041 2228 save
1064 2199 1173 2236 Philip
1197 2197 1351 2227 Mansel's
1372 2201 1493 2226 estates
1514 2197 1596 2225 from
1620 2196 1831 2225 confiscation
1846 2196 1889 2234 by
1905 2196 2074 2233 assigning
2089 2195 2177 2225 them

239 2261 274 2286 to
289 2256 387 2292 John,
403 2255 573 2285 otherwise
587 2255 719 2293 Jenkin,
735 2255 784 2284 his
800 2264 855 2284 son
872 2255 935 2284 and
951 2254 1026 2284 heir.
