2386 3645
223 307 332 348 1378

1009 535 1258 579 MLXVII.

162 645 376 689 GRANT
436 645 508 689 IN
568 645 718 688 TAIL
777 644 954 687 MALE
1015 644 1101 686 BY
1159 643 1363 686 DAVID
1433 641 1639 693 VOILE,
1725 640 1969 683 RECTOR
2029 640 2107 684 OF

306 737 677 790 PENMAYNE,
729 735 804 779 ΤΟ
856 735 957 778 SIR
1006 734 1175 779 JOHN
1226 733 1513 777 PENREES
1563 732 1698 775 AND
1756 730 2107 774 MARGARET

305 827 411 871 HIS
444 827 626 880 WIFE,
659 827 737 870 OF
779 826 909 869 THE
945 825 1171 868 MANOR
1212 825 1290 867 OF
1322 823 1624 866 HORETON
1654 822 1790 865 AND
1821 822 1951 865 THE
1983 822 2105 864 FEE

305 919 383 962 OF
434 917 750 969 PENREES;
793 917 971 961 WITH
1023 914 1455 958 REMAINDERS.

880 1025 1109 1081 [MARGAM
1141 1023 1394 1077 CHARTER]

1376 1124 1402 1165 2
1434 1122 1535 1165 OCT.
1599 1124 1651 1164 18
1675 1122 1771 1165 R1c.
1795 1122 1858 1165 II.
1923 1124 2045 1166 1394.

215 1237 361 1280 Sciant
393 1252 432 1291 p.
466 1238 506 1278 et
538 1235 567 1276 f.
602 1252 639 1290 q.
674 1249 707 1276 e.
742 1234 896 1275 DAvm
928 1232 1073 1275 vom
1105 1235 1240 1273 rector
1269 1231 1438 1273 ecclesie
1468 1232 1520 1273 de
1551 1230 1810 1274 PENMAYNE
1842 1232 1882 1273 d.
1907 1246 1939 1273 c.
1964 1236 2004 1274 et
2028 1231 2105 1274 hae

155 1327 341 1384 presenti
373 1329 488 1368 carta
515 1340 608 1367 mea
645 1324 890 1367 confirmavi
921 1323 1093 1366 domino
1123 1322 1152 1365 J
1155 1336 1333 1364 OHANNI
1365 1321 1577 1363 PENREES
1602 1322 1729 1364 militi
1751 1326 1793 1364 et
1813 1322 2102 1364 MARGARETE

153 1419 277 1462 uxori
312 1417 401 1473 ejus
433 1417 669 1459 manerium
699 1430 842 1458 meum
871 1415 922 1456 de
951 1414 1175 1456 HORETON
1207 1428 1304 1455 cum
1332 1413 1529 1455 omnibus
1561 1413 1836 1469 pertinenciis
1861 1414 1947 1455 suis
1978 1414 2106 1456 simul

154 1526 250 1554 cum
289 1508 526 1552 redditibus
565 1506 877 1550 reversionibus
912 1511 953 1548 et
987 1504 1306 1548 feodelitatibus
1341 1505 1533 1547 omnium
1562 1504 1804 1547 tenencium
1832 1519 2023 1546 meorum
2053 1506 2107 1547 de

152 1601 342 1644 manerio
362 1600 551 1656 predicto
573 1614 668 1641 cum
694 1597 889 1640 omnibus
920 1599 963 1639 et
993 1596 1173 1652 singulis
1202 1595 1514 1652 pertinentibus
1545 1595 1631 1637 suis
1663 1629 1671 1636 .
1705 1595 1904 1637 Preterea
1935 1596 2034 1638 dedi
2064 1599 2105 1638 et

152 1691 334 1736 concessi
364 1691 522 1733 eisdem
549 1689 578 1733 J
581 1703 757 1732 OHANNI
783 1692 825 1731 et
853 1687 1142 1730 MARGARETE
1167 1687 1291 1729 uxori
1321 1686 1416 1743 ejus
1443 1686 1587 1728 omnia
1614 1685 1852 1742 messuagia
1880 1686 2106 1743 curtilagia

152 1787 285 1826 terras
305 1785 550 1824 tenementa
571 1783 693 1836 prata
714 1782 832 1823 vasta
861 1779 1053 1821 redditus
1082 1778 1340 1821 reversiones
1367 1777 1541 1820 servicia
1562 1781 1603 1819 et
1624 1777 1893 1819 feodelitates
1914 1777 2107 1819 omnium

154 1873 398 1917 tenencium
418 1887 610 1915 meorum
631 1887 726 1914 cum
749 1870 1022 1927 pertinenciis
1052 1870 1139 1912 suis
1168 1870 1215 1912 in
1245 1870 1367 1912 feodo
1397 1870 1449 1911 de
1481 1868 1693 1910 PENREEs
1727 1901 1735 1909 .
1769 1867 2035 1910 Habendum
2065 1872 2108 1911 et

154 1965 388 2008 tenendum
429 1964 587 2007 eisdem
627 1963 799 2005 domino
839 1961 867 2004 J
872 1976 1049 2004 OHANNI
1091 1965 1133 2003 et
1173 1961 1464 2002 MARGARETE
1504 1959 1627 2002 uxori
1667 1959 1760 2015 ejus
1801 1962 1843 2001 et
1883 1958 2109 2002 heredibus

153 2055 350 2098 masculis
390 2055 443 2097 de
484 2053 726 2110 corporibus
765 2054 954 2110 ipsorum
995 2052 1249 2095 exeuntibus
1285 2053 1337 2095 de
1378 2051 1629 2108 capitalibus
1669 2051 1853 2093 dominis
1884 2051 2107 2094 feodorum

150 2146 322 2189 illorum
343 2160 418 2202 per
440 2145 614 2188 servicia
634 2145 733 2188 inde
754 2144 899 2188 debita
919 2147 962 2187 et
982 2145 1035 2186 de
1054 2144 1150 2200 jure
1171 2146 1370 2186 consueta
1389 2143 1705 2198 imperpetuum
1722 2176 1730 2184 .
1750 2142 1810 2184 Et
1827 2142 1862 2184 si
1884 2142 2106 2199 contingat

151 2239 266 2294 quod
286 2237 464 2293 predicti
485 2237 514 2279 J
517 2251 727 2278 OHANNES
748 2242 790 2279 et
810 2237 1101 2279 MARGARETA
1122 2235 1305 2279 obierint
1325 2236 1415 2278 sine
1436 2234 1661 2278 heredibus
1681 2235 1877 2277 masculis
1890 2235 1943 2277 de
1959 2250 2103 2290 corpo-

150 2328 268 2370 ribus
297 2328 485 2384 ipsorum
516 2327 742 2383 procreatis
774 2362 782 2370 .
816 2331 919 2370 tunc
949 2328 1092 2370 omnia
1122 2327 1365 2383 supradicta
1396 2341 1491 2368 cum
1521 2325 1793 2382 pertinenciis
1823 2325 2105 2368 remanebunt

151 2419 340 2475 predicto
362 2418 534 2461 domino
555 2417 585 2461 J
588 2432 765 2460 OHANNI
787 2421 828 2460 et
849 2418 1074 2461 heredibus
1095 2419 1146 2461 de
1177 2433 1347 2473 corpore
1378 2432 1453 2460 suo
1474 2417 1701 2473 procreatis
1734 2451 1741 2458 .
1776 2415 2043 2458 Habendum
2064 2420 2105 2458 et

152 2510 388 2551 tenendum
409 2509 449 2551 d.
473 2524 506 2551 c.
530 2509 570 2551 d.
594 2508 624 2551 f.
649 2509 820 2551 illorum
841 2524 915 2565 per
935 2524 966 2551 s.
991 2510 1017 2551 i.
1041 2510 1081 2551 d.
1106 2512 1147 2551 et
1169 2510 1221 2551 de
1242 2509 1274 2564 j.
1299 2524 1331 2550 c.
1355 2509 1668 2564 imperpetuum
1701 2541 1709 2549 .
1743 2506 1803 2549 Et
1828 2506 1863 2549 si
1893 2506 2107 2562 predictus

154 2601 352 2642 dominus
366 2599 396 2642 J
398 2613 608 2642 OHANNES
625 2599 774 2642 obierit
791 2601 880 2643 sine
897 2600 1122 2643 heredibus
1135 2601 1186 2642 de
1203 2615 1373 2656 corpore
1387 2614 1462 2642 suo
1478 2598 1733 2641 exeuntibus
1748 2601 1850 2639 tunc
1865 2597 2104 2653 predictum

154 2691 392 2733 manerium
413 2706 509 2733 cum
535 2691 621 2746 (sie)
648 2691 790 2733 omnia
811 2691 1106 2746 prenominata
1127 2706 1223 2733 cum
1244 2690 1514 2746 pertinenciis
1536 2687 1817 2732 remanebunt
1846 2687 2105 2731 WILLELMO

152 2782 366 2825 PENREEs
386 2782 510 2824 fratri
530 2782 710 2838 predicti
730 2782 759 2825 J
763 2797 962 2824 OHANNIS
984 2786 1025 2824 et
1045 2781 1271 2824 heredibus
1290 2781 1482 2837 legitime
1503 2782 1556 2823 de
1577 2795 1746 2836 corpore
1768 2794 1842 2822 suo
1863 2779 2102 2834 procreatis.

154 2873 407 2916 Tenendum
437 2874 489 2916 de
520 2873 772 2929 capitalibus
801 2874 986 2916 dominis
1016 2873 1238 2916 feodorum
1259 2873 1430 2915 illorum
1451 2887 1525 2927 per
1546 2871 1735 2927 predicta
1755 2870 1929 2913 servicia
1950 2869 2104 2925 imper-

155 2970 332 3020 petuum
364 2998 372 3006 .
406 2964 465 3006 Et
488 2965 522 3006 si
542 2965 755 3020 predictus
776 2964 1060 3008 WILLELMUs
1082 2964 1233 3007 obierit
1257 2965 1346 3006 sine
1377 2962 1602 3005 heredibus
1632 2962 1824 3018 legitime
1855 2962 1907 3003 de
1938 2976 2107 3017 corpore

155 3070 230 3098 suo
254 3053 519 3111 [procreatis]
544 3058 647 3098 tunc
668 3055 905 3111 predictum
936 3055 1174 3097 manerium
1195 3070 1291 3097 cum
1322 3053 1518 3096 omnibus
1548 3052 1800 3108 supradictis
1826 3050 2106 3094 remanebunt
