2386 3645
277 307 386 350 1432

275 513 491 557 KENFEK’
514 515 569 557 ad
590 515 919 571 comparendum
955 530 1095 558 coram
1129 515 1251 558 nobis
1282 530 1357 572 per
1389 531 1431 558 se
1464 516 1531 558 vel
1564 518 1852 572 procuratores
1883 516 2134 559 sufficientes
2163 518 2219 559 ad

276 604 504 648 dicendum
535 620 703 648 causam
735 621 864 662 quare
885 606 988 648 dicti
1008 606 1195 663 religiosi
1225 606 1355 649 abbas
1375 610 1417 649 et
1437 609 1669 650 conventus
1689 608 1742 649 de
1763 606 2070 650 TEUKESBURY
2091 607 2220 650 abbas

278 698 321 738 et
360 699 591 739 conventus
630 697 683 738 de
732 696 935 739 MORGAN
984 711 1032 739 ac
1070 697 1251 740 vicarius
1290 698 1504 753 predictus
1544 697 1802 753 conjunctim
1842 713 1916 740 seu
1955 698 2125 741 divisim
2165 699 2221 741 ad

276 785 590 841 reparacionem
639 786 812 828 cancelli
861 786 1040 842 predicti
1087 802 1174 829 non
1223 791 1468 830 tenerentur
1517 803 1589 830 seu
1633 787 1982 843 astringerentur,
2024 803 2097 830 seu
2135 803 2222 831 non

276 878 492 918 teneretur
531 891 604 919 seu
643 877 951 933 astringeretur
982 877 1136 933 aliquis
1168 892 1312 920 eorum
1348 879 1402 920 ad
1438 882 1599 921 certum
1633 879 1747 921 diem
1783 881 1826 921 et
1856 878 2004 921 horam
2043 879 2222 923 fecimus

276 968 450 1010 evocari.
512 967 569 1010 In
599 983 683 1024 quo
714 969 886 1024 quidem
916 969 1097 1011 termino
1129 968 1469 1025 comparentibus
1493 985 1633 1012 coram
1663 969 1785 1012 nobis
1815 969 2003 1012 ROGERO
2033 970 2222 1013 PANTER

277 1058 488 1100 dictorum
519 1058 813 1115 religiosorum
843 1059 1031 1101 virorum
1067 1059 1231 1102 abbatis
1263 1064 1305 1102 et
1335 1063 1567 1102 conventus
1597 1061 1649 1102 de
1680 1060 1988 1104 TEUKESBURY
2018 1062 2223 1118 magistro

277 1148 490 1191 HEcho
532 1149 681 1193 WARE
723 1149 932 1192 dictorum
973 1149 1138 1192 abbatis
1178 1153 1221 1192 et
1260 1154 1492 1193 conventus
1531 1152 1583 1194 de
1629 1151 1831 1194 Momm
1881 1152 2222 1208 procuratoribus

276 1239 591 1292 sufficientibus,
614 1255 779 1283 necnon
810 1240 839 1284 J
842 1255 1029 1282 OHANNE
1061 1240 1223 1283 TUDER
1243 1241 1398 1283 vicario
1420 1243 1472 1284 de
1493 1241 1709 1284 KENFEK'
1731 1243 1920 1298 predicto
1945 1243 2223 1298 personaliter

274 1329 430 1373 habitis
452 1331 682 1387 multisque
703 1331 816 1374 inter
836 1331 969 1374 dictas
989 1334 1130 1387 partes
1150 1331 1498 1375 altercacionibus
1517 1334 1693 1375 tandem
1713 1334 1765 1375 de
1787 1348 1992 1376 consensu
2013 1334 2223 1377 dictarum

271 1420 462 1475 parcium
493 1421 547 1463 ad
579 1424 740 1464 certum
772 1421 884 1463 diem
915 1421 960 1463 in
992 1422 1247 1464 monasterio
1279 1423 1331 1464 de
1362 1421 1671 1465 TEUKESBURY
1702 1424 1891 1479 predicto
1922 1438 2062 1466 coram
2101 1424 2223 1467 nobis

271 1525 509 1566 comparere
550 1512 792 1567 petencium
832 1515 875 1554 et
915 1512 969 1554 ad
1010 1512 1173 1555 dictum
1222 1513 1362 1556 locum
1402 1513 1764 1556 consenciencium
1803 1517 1845 1557 et
1889 1514 2129 1557 velencium
2168 1516 2221 1558 de

270 1602 490 1644 concordia
529 1604 751 1645 tractanda
790 1603 903 1645 inter
942 1604 1078 1646 dictas
1117 1607 1259 1660 partes
1294 1619 1420 1661 super
1459 1605 1671 1660 premissis
1706 1605 1847 1648 fienda
1887 1605 1922 1648 si
1956 1606 2048 1648 fieri
2082 1608 2221 1661 posset

269 1692 516 1748 prefiximus
536 1695 579 1736 et
600 1693 920 1750 assignavimus.
983 1693 1040 1737 In
1062 1709 1145 1750 quo
1167 1695 1340 1751 quidem
1360 1696 1543 1738 termino
1563 1695 1905 1752 comparentibus
1935 1711 2077 1739 coram
2097 1696 2220 1739 nobis

269 1782 421 1826 abbate
451 1784 697 1826 monasterii
728 1785 780 1827 de
801 1784 1109 1828 TEUKESBURY
1129 1801 1205 1842 pro
1227 1802 1269 1829 se
1299 1789 1342 1829 et
1372 1790 1584 1830 conventu
1614 1801 1689 1829 suo
1709 1790 1753 1829 et
1773 1787 1946 1830 nomine
1975 1787 2221 1830 monasterii

269 1874 333 1916 sui
363 1875 568 1930 magistro
600 1875 814 1918 HEcho
846 1876 997 1920 WARE
1027 1879 1296 1932 procuratore
1325 1877 1514 1933 predicto
1546 1879 1600 1920 ad
1630 1878 1972 1921 concordandum
1993 1880 2036 1920 et
2066 1877 2219 1921 transi-

267 1966 458 2022 gendum
484 1966 692 2009 sufficiens
712 1966 873 2010 habens
894 1969 1149 2011 mandatum
1168 1969 1216 2011 in
1239 1968 1452 2025 premissis
1472 1969 1645 2012 nomine
1665 1968 1831 2012 abbatis
1852 1972 1895 2011 et
1916 1972 2148 2011 conventus
2168 1970 2221 2012 de

265 2056 466 2099 MORGAN
497 2062 539 2099 et
570 2057 790 2101 JOHANNE
816 2057 977 2100 Tunmz
997 2058 1153 2102 vicario
1174 2060 1364 2116 predicto
1394 2059 1567 2102 nomine
1589 2059 1743 2103 vicarie
1768 2074 1841 2102 sue
1872 2059 2059 2115 predicte
2079 2060 2223 2103 taliter

267 2147 379 2189 inter
400 2148 533 2190 dictas
553 2151 693 2204 partes
714 2149 858 2192 extitit
887 2151 1187 2193 concordatum
1207 2154 1248 2193 et
1278 2151 1330 2193 lis
1351 2151 1679 2207 conquievit:—

326 2238 381 2281 In
417 2239 564 2295 primis
597 2241 711 2295 quod
742 2241 846 2284 dicti
881 2241 1009 2284 abbas
1045 2244 1088 2285 et
1128 2246 1360 2285 conventus
1400 2243 1452 2285 de
1493 2242 1803 2285 TEUKESBURY
1839 2257 1915 2298 pro
1956 2242 2067 2285 bono
2107 2243 2223 2298 pacis

272 2328 466 2372 habendo
502 2332 545 2372 et
583 2345 670 2372 non
705 2332 918 2375 occasione
951 2332 1134 2389 alicujus
1173 2332 1307 2376 debiti
1347 2334 1400 2375 ad
1434 2334 1547 2388 quod
1580 2333 1669 2388 ipse
1704 2337 1747 2374 et
1783 2336 2017 2375 conventus
2051 2333 2223 2376 nomine

273 2420 519 2462 monasterii
551 2421 617 2463 sui
648 2422 828 2477 predicti
862 2423 948 2465 sint
979 2424 1047 2466 vel
1081 2424 1243 2466 fuerint
1272 2424 1433 2466 astricti
1463 2424 1626 2466 dictum
1658 2424 1893 2466 cancellum
1923 2424 1976 2466 de
2007 2423 2222 2466 KENFEK'

271 2510 376 2552 citra
417 2510 575 2553 festum
615 2513 900 2568 apostolorum
941 2513 1158 2557 PHILIPPI
1201 2518 1242 2558 et
1292 2514 1322 2558 J
1324 2529 1451 2557 Acom
1492 2514 1683 2570 proxime
1723 2514 1920 2557 futurum
1960 2514 2221 2570 reparabunt

275 2604 579 2657 competentur.
641 2602 702 2645 Et
732 2604 845 2659 quod
877 2608 1101 2661 postquam
1138 2606 1276 2648 dictus
1311 2605 1521 2648 cancellus
1553 2605 1684 2647 fuerit
1713 2609 1933 2661 reparatus
1971 2609 2019 2648 ut
2049 2605 2223 2661 premit-

274 2692 393 2744 titur,
416 2696 571 2736 extunc
601 2694 715 2736 dicta
744 2695 956 2751 reparacio
986 2696 1119 2751 ipsius
1150 2697 1325 2739 cancelli
1345 2697 1399 2739 ad
1430 2697 1634 2739 vicarium
1664 2697 1717 2739 de
1748 2695 1963 2738 KENFEK’
1985 2699 2223 2752 presentem

277 2785 320 2825 et
360 2783 535 2826 vicarios
584 2783 678 2840 ejus
729 2800 979 2829 successores
1018 2787 1107 2829 sine
1157 2787 1488 2830 contradictione
1529 2787 1672 2842 aliqua
1710 2787 2025 2843 imperpetuum
2073 2786 2226 2829 debeat

278 2874 500 2929 pertinere.
562 2873 623 2917 Et
662 2890 716 2917 ne
753 2875 892 2918 dictus
923 2877 1105 2919 vicarius
1136 2877 1204 2919 vel
1243 2877 1338 2934 ejus
1377 2892 1628 2920 successores
1663 2892 1688 2919 a
1727 2877 1917 2932 predicta
1955 2876 2224 2932 reparacione

278 2978 528 3019 quocunque
558 2966 721 3021 quesite
757 2967 892 3009 colore
929 2982 971 3010 se
1002 2970 1215 3020 excusent,
1245 2967 1338 3011 Nos
1370 2967 1399 3012 J
1402 2982 1611 3010 OHANNEs
1652 2967 1869 3023 episcopus
1908 2966 2225 3009 LANDAVENSIS

281 3055 518 3098 antedictus
554 3070 605 3098 ex
641 3057 836 3099 unanimi
872 3073 1044 3101 assensu
1074 3059 1283 3102 dictarum
1313 3059 1504 3115 parcium
1535 3062 1576 3100 et
1606 3073 1681 3114 per
1711 3059 1878 3100 easdem
1913 3057 1958 3099 in
1993 3057 2073 3099 hac
2106 3063 2226 3113 parte
