2386 3645
1935 278 2044 320 1377

1026 483 1249 527 MLXVI.

162 584 645 628 OONFIRMATION
702 583 773 626 IN
824 583 991 626 FREE
1052 582 1355 626 BURGAGE
1416 582 1502 625 BY
1561 582 1817 625 THOMAS
1867 583 1948 626 LE
1998 582 2102 625 DE-

310 667 600 720 SPENSER,
666 666 835 709 LORD
897 666 976 708 OF
1046 665 1456 717 GLAMORGAN,
1528 665 1604 708 TO
1670 664 1955 708 WYLLYM
2021 666 2104 708 ΑΡ

309 749 512 793 DAVID
570 748 653 791 AP
712 747 926 800 JAOKE,
987 748 1066 790 OF
1124 747 1301 790 LAND
1361 747 1435 790 IN
1493 747 1624 791 THE
1682 747 1979 790 DEMESNE
2030 748 2107 790 OF

312 831 626 875 KENEFEG.

883 888 1113 946 [MARGAM
1145 888 1400 946 CHARTER.]

697 979 1007 1022 MICHAELMAS
1038 994 1246 1021 Morfflow.
1309 981 1363 1022 30
1392 978 1521 1022 SEPT.
1587 981 1639 1021 18
1672 979 1770 1022 Pac.
1801 979 1865 1021 II.
1931 981 2054 1022 1394.

231 1079 420 1122 Tnoms
434 1080 473 1122 le
487 1078 757 1121 DEsPENSER
777 1079 975 1121 dominus
992 1078 1353 1122 GLAMORGANCIE
1375 1083 1416 1122 et
1436 1078 1712 1120 MORGANCIE
1734 1078 1930 1121 omnibus
1945 1080 1998 1120 ad
2016 1093 2119 1134 quos

173 1175 388 1228 presentes
407 1171 549 1213 littere
570 1171 840 1226 pervenerint
861 1171 1053 1213 salutem.

231 1262 275 1304 N
279 1262 450 1305 overitis
469 1278 546 1304 nos
567 1262 730 1304 dedisse
753 1262 999 1304 concessisse
1020 1265 1063 1304 et
1082 1262 1160 1304 hoc
1180 1262 1367 1317 presenti
1392 1263 1547 1317 scripto
1568 1265 1710 1304 nostro
1731 1261 1953 1304 indentato
1975 1262 2122 1304 confir-

173 1369 310 1396 masse
346 1353 559 1397 WYLLYM
592 1368 645 1408 ap
682 1353 839 1396 DAVID
879 1368 932 1408 ap
967 1352 996 1395 J
998 1367 1115 1394 ACKE
1156 1368 1287 1395 unam
1328 1367 1468 1395 acram
1500 1357 1610 1395 terre
1646 1353 1856 1394 dominice
1891 1356 2032 1395 nostre
2073 1354 2126 1395 de

176 1444 417 1487 KENEFEG.
480 1444 747 1486 Habendum
768 1449 811 1486 et
831 1445 1065 1486 tenendum
1085 1444 1319 1499 predictam
1340 1458 1481 1486 acram
1502 1448 1612 1486 terre
1634 1458 1729 1486 cum
1751 1444 1836 1486 suis
1856 1443 2128 1500 pertinenciis

178 1536 316 1578 eidem
338 1535 542 1578 WILLYM
563 1534 789 1577 heredibus
816 1537 859 1576 et
895 1534 1121 1591 assignatis
1155 1535 1242 1577 suis
1265 1535 1311 1576 in
1347 1534 1529 1577 liberum
1564 1534 1824 1590 burgagium
1851 1535 1903 1576 de
1935 1534 2056 1577 nobis
2088 1537 2130 1576 et

178 1626 405 1669 heredibus
438 1626 593 1668 nostris
624 1626 937 1681 inperpetuum.
1010 1625 1247 1668 Reddendo
1279 1626 1380 1668 inde
1415 1626 1639 1668 annuatim
1674 1625 1796 1668 nobis
1830 1629 1872 1668 et
1907 1624 2132 1667 heredibus

179 1717 335 1760 nostris
370 1717 594 1760 duodecim
627 1718 821 1759 denarios
857 1717 1025 1772 argenti
1058 1717 1112 1758 ad
1147 1717 1306 1759 festum
1342 1716 1489 1759 Sancti
1524 1717 1784 1759 MICHAELIS
1816 1749 1826 1761 .
1858 1716 1918 1759 Et
1939 1717 2134 1758 faciendo

181 1813 338 1852 sectam
368 1809 422 1850 ad
455 1807 674 1864 quodlibet
704 1808 976 1850 hundredum
1007 1813 1199 1850 nostrum
1231 1810 1284 1850 de
1311 1808 1539 1850 KENEFEG
1573 1843 1581 1851 .
1614 1808 1674 1851 Et
1704 1823 1781 1850 nos
1801 1823 1899 1850 vero
1919 1807 2134 1863 predictus

179 1899 373 1942 THOMAs
406 1903 448 1942 et
478 1899 652 1941 heredes
684 1899 816 1941 nostri
849 1899 1083 1955 predictam
1116 1915 1256 1942 acram
1296 1903 1406 1942 terre
1428 1914 1524 1942 cum
1557 1900 1643 1942 suis
1669 1899 1941 1956 pertinenciis
1971 1899 2137 1954 prefato

185 1990 397 2035 WYLLYM
430 1989 657 2032 heredibus
692 2001 735 2032 et
767 1990 994 2047 assignatis
1029 1990 1115 2032 suis
1155 1995 1301 2033 contra
1336 2005 1482 2033 omnes
1514 1994 1662 2046 gentes
1695 1990 2065 2033 warantizabimus
2095 1991 2138 2031 et

183 2083 500 2138 imperpetuum
522 2081 811 2124 defendemus.
873 2081 930 2123 In
952 2081 1075 2137 cujus
1096 2081 1157 2123 rei
1182 2081 1476 2124 testimonium
1496 2081 1579 2123 hiis
1609 2081 1775 2136 scriptis
1794 2081 2028 2123 indentatis
2048 2084 2139 2122 tam

187 2173 378 2229 sigillum
403 2172 650 2215 cancellarie
680 2178 821 2215 nostre
849 2174 903 2215 de
927 2171 1125 2214 KARDYF
1153 2187 1281 2227 quain
1307 2172 1499 2228 sigillum
1523 2172 1626 2214 dicti
1656 2171 1866 2215 WYLLYM
1895 2170 2139 2213 alternatim

189 2268 289 2308 sunt
310 2279 509 2320 appensa.

246 2355 411 2397 Datum
433 2355 547 2410 apud
568 2354 764 2397 KARDYF
786 2354 831 2396 in
852 2354 1034 2396 crastino
1055 2353 1202 2396 Sancti
1232 2354 1492 2397 MICHAELIS
1511 2368 1624 2396 anno
1644 2354 1767 2409 regni
1788 2353 1922 2409 Regis
1943 2352 2138 2395 RmARm

190 2446 361 2488 secundi
382 2449 477 2501 post
497 2449 774 2500 conquestum
795 2445 958 2487 decimo
978 2448 1137 2487 octavo.

249 2536 486 2592 Fragment
507 2535 552 2577 of
576 2535 648 2577 the
670 2535 891 2590 Chancery
913 2536 999 2578 seal
1018 2536 1064 2577 in
1085 2535 1231 2577 brown
1252 2551 1359 2588 wax,
1382 2536 1512 2578 about
1532 2536 1648 2590 233in.
1672 2535 1798 2577 diam.
1822 2535 1945 2576 when
1966 2533 2138 2590 perfect.

255 2628 349 2668 ΘΖΕ.
417 2625 482 2682 [A
502 2626 661 2682 knight
681 2626 827 2682 riding
847 2625 924 2682 on]
949 2642 974 2668 a
996 2626 1269 2682 caparisoned
1290 2626 1411 2668 horse
1432 2626 1655 2682 galloping
1676 2631 1719 2668 to
1741 2625 1813 2667 the
1833 2624 1963 2681 right.

611 2741 925 2750 ........
960 2722 1252 2750 AMORGANCIE
1286 2743 1293 2750 .
1328 2723 1382 2749 ET

254 2800 352 2840 Rec.
416 2798 484 2840 On
506 2813 530 2840 a
550 2798 638 2840 lion
665 2813 711 2840 or
741 2798 884 2854 griffin
916 2798 1135 2850 couchant,
1157 2814 1182 2841 a
1212 2800 1330 2855 large
1360 2799 1496 2841 shield
1517 2799 1562 2841 of
1591 2813 1702 2841 arms
1733 2798 1963 2853 quarterly‚
1994 2798 2040 2838 in
2070 2796 2143 2839 the

198 2891 348 2933 second
372 2891 457 2931 and
478 2889 594 2931 third
615 2892 808 2944 quarters
828 2905 853 2931 a
868 2889 966 2941 fret,
983 2905 1082 2932 over
1094 2890 1153 2932 all
1169 2905 1193 2932 a
1214 2890 1327 2932 bend
1344 2906 1352 2932 :
1386 2890 1668 2932 DESPENCER.
1730 2889 1879 2932 Above
1900 2889 1972 2930 the
1994 2888 2144 2939 shield,

199 2997 253 3024 on
275 2981 348 3023 the
367 2980 499 3036 right,
522 2995 546 3021 a
568 2979 696 3036 wing.
752 2982 756 2991 “

522 3066 530 3083 ‘
552 3058 815 3127 [SIG1]LL15131
840 3096 848 3104 .
873 3077 1011 3104 CANCE
1045 3096 1491 3104 ...........
1516 3069 1523 3074 ”
1528 3096 1799 3104 .......
1819 3062 1828 3080 ’
1865 3060 1869 3063 Α

404 3162 475 3194 7Χ
