<?xml version="1.0" encoding="UTF-8"?>
<!DOCTYPE html PUBLIC "-//W3C//DTD XHTML 1.0 Transitional//EN"
    "http://www.w3.org/TR/xhtml1/DTD/xhtml1-transitional.dtd">
<html xmlns="http://www.w3.org/1999/xhtml" xml:lang="en" lang="en">
 <head>
  <title>
</title>
<meta http-equiv="Content-Type" content="text/html;charset=utf-8" />
  <meta name='ocr-system' content='tesseract 3.04.00' />
  <meta name='ocr-capabilities' content='ocr_page ocr_carea ocr_par ocr_line ocrx_word'/>
</head>
<body>
  <div class='ocr_page' id='page_1' title='image "./cartaeetaliamuni04claruoft_0030.png"; bbox 0 0 2386 3645; ppageno 0'>
   <div class='ocr_carea' id='block_1_1' title="bbox 264 311 374 353">
    <p class='ocr_par' dir='ltr' id='par_1_1' title="bbox 264 311 374 353">
     <span class='ocr_line' id='line_1_1' title="bbox 264 311 374 353; baseline -0.018 0"><span class='ocrx_word' id='word_1_1' title='bbox 264 311 374 353; x_wconf 87' lang='lat'>1190</span> 
     </span>
    </p>
   </div>
   <div class='ocr_carea' id='block_1_2' title="bbox 205 507 2162 3025">
    <p class='ocr_par' dir='ltr' id='par_1_2' title="bbox 205 507 2146 1376">
     <span class='ocr_line' id='line_1_2' title="bbox 205 507 2142 573; baseline -0.006 -12"><span class='ocrx_word' id='word_1_2' title='bbox 205 519 366 561; x_wconf 86' lang='lat' dir='ltr'>dictum</span> <span class='ocrx_word' id='word_1_3' title='bbox 385 516 572 559; x_wconf 88' lang='lat' dir='ltr'>rivulum</span> <span class='ocrx_word' id='word_1_4' title='bbox 592 531 666 571; x_wconf 88' lang='lat' dir='ltr'>per</span> <span class='ocrx_word' id='word_1_5' title='bbox 685 515 1092 573; x_wconf 46' lang='lat' dir='ltr'>ESKEYRHYRAQYTH</span> <span class='ocrx_word' id='word_1_6' title='bbox 1112 525 1254 554; x_wconf 86' lang='lat' dir='ltr'>versus</span> <span class='ocrx_word' id='word_1_7' title='bbox 1275 510 1432 552; x_wconf 89' lang='lat' dir='ltr'>dictam</span> <span class='ocrx_word' id='word_1_8' title='bbox 1457 507 1685 561; x_wconf 74' lang='lat' dir='ltr'>abbatiam,</span> <span class='ocrx_word' id='word_1_9' title='bbox 1707 510 1749 551; x_wconf 85' lang='lat' dir='ltr'>et</span> <span class='ocrx_word' id='word_1_10' title='bbox 1769 508 1869 550; x_wconf 86' lang='lat' dir='ltr'>inde</span> <span class='ocrx_word' id='word_1_11' title='bbox 1889 507 2046 550; x_wconf 85' lang='lat' dir='ltr'>directe</span> <span class='ocrx_word' id='word_1_12' title='bbox 2066 522 2142 563; x_wconf 91' lang='lat' dir='ltr'>per</span> 
     </span>
     <span class='ocr_line' id='line_1_3' title="bbox 205 599 2138 663; baseline -0.006 -12"><span class='ocrx_word' id='word_1_13' title='bbox 205 609 377 652; x_wconf 89' lang='lat' dir='ltr'>boscum</span> <span class='ocrx_word' id='word_1_14' title='bbox 397 622 528 663; x_wconf 88' lang='lat' dir='ltr'>usque</span> <span class='ocrx_word' id='word_1_15' title='bbox 549 608 603 649; x_wconf 84' lang='lat' dir='ltr'>ad</span> <span class='ocrx_word' id='word_1_16' title='bbox 623 608 784 649; x_wconf 86' lang='lat' dir='ltr'>fontem</span> <span class='ocrx_word' id='word_1_17' title='bbox 805 604 950 647; x_wconf 79' lang='lat' dir='ltr'>Sancti</span> <span class='ocrx_word' id='word_1_18' title='bbox 970 602 1127 645; x_wconf 85' lang='lat' dir='ltr'>ILTUTI</span> <span class='ocrx_word' id='word_1_19' title='bbox 1144 605 1187 643; x_wconf 90' lang='lat' dir='ltr'>et</span> <span class='ocrx_word' id='word_1_20' title='bbox 1207 601 1307 642; x_wconf 89' lang='lat' dir='ltr'>inde</span> <span class='ocrx_word' id='word_1_21' title='bbox 1326 599 1539 641; x_wconf 76' lang='lat' dir='ltr'>linealiter</span> <span class='ocrx_word' id='word_1_22' title='bbox 1558 613 1690 654; x_wconf 89' lang='lat' dir='ltr'>usque</span> <span class='ocrx_word' id='word_1_23' title='bbox 1706 600 1761 641; x_wconf 87' lang='lat' dir='ltr'>ad</span> <span class='ocrx_word' id='word_1_24' title='bbox 1781 599 1972 641; x_wconf 79' lang='lat' dir='ltr'><strong>FONNON</strong></span> <span class='ocrx_word' id='word_1_25' title='bbox 1986 599 2138 650; x_wconf 69' lang='lat' dir='ltr'>Doni,</span> 
     </span>
     <span class='ocr_line' id='line_1_4' title="bbox 209 689 2143 750; baseline -0.006 -8"><span class='ocrx_word' id='word_1_26' title='bbox 209 702 252 742; x_wconf 88' lang='lat' dir='ltr'>et</span> <span class='ocrx_word' id='word_1_27' title='bbox 263 700 363 742; x_wconf 88' lang='lat' dir='ltr'>inde</span> <span class='ocrx_word' id='word_1_28' title='bbox 383 698 538 741; x_wconf 87' lang='lat' dir='ltr'>directe</span> <span class='ocrx_word' id='word_1_29' title='bbox 558 698 603 739; x_wconf 91' lang='lat' dir='ltr'>in</span> <span class='ocrx_word' id='word_1_30' title='bbox 616 696 800 739; x_wconf 90' lang='lat' dir='ltr'>rivulum</span> <span class='ocrx_word' id='word_1_31' title='bbox 815 694 889 750; x_wconf 86' lang='lat' dir='ltr'>qui</span> <span class='ocrx_word' id='word_1_32' title='bbox 905 695 1076 736; x_wconf 87' lang='lat' dir='ltr'>vocatur</span> <span class='ocrx_word' id='word_1_33' title='bbox 1093 692 1253 742; x_wconf 66' lang='lat' dir='ltr'>szrs,</span> <span class='ocrx_word' id='word_1_34' title='bbox 1271 693 1314 732; x_wconf 91' lang='lat' dir='ltr'>et</span> <span class='ocrx_word' id='word_1_35' title='bbox 1328 690 1428 732; x_wconf 87' lang='lat' dir='ltr'>inde</span> <span class='ocrx_word' id='word_1_36' title='bbox 1444 704 1519 745; x_wconf 89' lang='lat' dir='ltr'>per</span> <span class='ocrx_word' id='word_1_37' title='bbox 1535 690 1718 731; x_wconf 88' lang='lat' dir='ltr'>cundem</span> <span class='ocrx_word' id='word_1_38' title='bbox 1732 689 1919 735; x_wconf 89' lang='lat' dir='ltr'>rivulum</span> <span class='ocrx_word' id='word_1_39' title='bbox 1934 703 2067 744; x_wconf 88' lang='lat' dir='ltr'>usque</span> <span class='ocrx_word' id='word_1_40' title='bbox 2087 689 2143 730; x_wconf 87' lang='lat' dir='ltr'>ad</span> 
     </span>
     <span class='ocr_line' id='line_1_5' title="bbox 207 779 2144 835; baseline -0.007 -1"><span class='ocrx_word' id='word_1_41' title='bbox 207 791 330 833; x_wconf 89' lang='lat' dir='ltr'>illum</span> <span class='ocrx_word' id='word_1_42' title='bbox 350 791 490 832; x_wconf 90' lang='lat' dir='ltr'>locum</span> <span class='ocrx_word' id='word_1_43' title='bbox 510 788 584 831; x_wconf 89' lang='lat' dir='ltr'>ubi</span> <span class='ocrx_word' id='word_1_44' title='bbox 603 788 717 829; x_wconf 90' lang='lat' dir='ltr'>idem</span> <span class='ocrx_word' id='word_1_45' title='bbox 736 785 897 828; x_wconf 87' lang='lat' dir='ltr'>rivulus</span> <span class='ocrx_word' id='word_1_46' title='bbox 917 784 1030 826; x_wconf 82' lang='lat' dir='ltr'>cadit</span> <span class='ocrx_word' id='word_1_47' title='bbox 1050 783 1094 824; x_wconf 92' lang='lat' dir='ltr'>in</span> <span class='ocrx_word' id='word_1_48' title='bbox 1116 781 1301 824; x_wconf 73' lang='lat' dir='ltr'>TAUWY.</span> <span class='ocrx_word' id='word_1_49' title='bbox 1363 779 1422 822; x_wconf 89' lang='lat' dir='ltr'>Et</span> <span class='ocrx_word' id='word_1_50' title='bbox 1439 780 1540 835; x_wconf 90' lang='lat' dir='ltr'>quia</span> <span class='ocrx_word' id='word_1_51' title='bbox 1559 795 1644 821; x_wconf 91' lang='lat' dir='ltr'>non</span> <span class='ocrx_word' id='word_1_52' title='bbox 1665 780 1881 835; x_wconf 87' lang='lat' dir='ltr'>potuimus</span> <span class='ocrx_word' id='word_1_53' title='bbox 1913 794 1989 835; x_wconf 88' lang='lat' dir='ltr'>pro</span> <span class='ocrx_word' id='word_1_54' title='bbox 2022 779 2144 834; x_wconf 88' lang='lat' dir='ltr'>aquis</span> 
     </span>
     <span class='ocr_line' id='line_1_6' title="bbox 207 869 2144 936; baseline -0.007 -12"><span class='ocrx_word' id='word_1_55' title='bbox 207 884 249 924; x_wconf 88' lang='lat' dir='ltr'>et</span> <span class='ocrx_word' id='word_1_56' title='bbox 264 881 392 924; x_wconf 89' lang='lat' dir='ltr'>moris</span> <span class='ocrx_word' id='word_1_57' title='bbox 411 878 702 936; x_wconf 81' lang='lat' dir='ltr'>perambulare</span> <span class='ocrx_word' id='word_1_58' title='bbox 722 877 826 918; x_wconf 89' lang='lat' dir='ltr'>fines</span> <span class='ocrx_word' id='word_1_59' title='bbox 845 874 1128 929; x_wconf 85' lang='lat' dir='ltr'>predictarum</span> <span class='ocrx_word' id='word_1_60' title='bbox 1147 874 1356 914; x_wconf 86' lang='lat' dir='ltr'>terrarum</span> <span class='ocrx_word' id='word_1_61' title='bbox 1377 885 1402 912; x_wconf 90' lang='lat' dir='ltr'>a</span> <span class='ocrx_word' id='word_1_62' title='bbox 1423 870 1535 912; x_wconf 89' lang='lat' dir='ltr'>dicto</span> <span class='ocrx_word' id='word_1_63' title='bbox 1555 870 1645 912; x_wconf 92' lang='lat' dir='ltr'>loco</span> <span class='ocrx_word' id='word_1_64' title='bbox 1661 869 1736 912; x_wconf 89' lang='lat' dir='ltr'>ubi</span> <span class='ocrx_word' id='word_1_65' title='bbox 1757 869 2008 912; x_wconf 82' lang='lat' dir='ltr'><strong>CREMELYN</strong></span> <span class='ocrx_word' id='word_1_66' title='bbox 2030 870 2144 911; x_wconf 83' lang='lat' dir='ltr'>cadit</span> 
     </span>
     <span class='ocr_line' id='line_1_7' title="bbox 206 960 2142 1022; baseline -0.006 -8"><span class='ocrx_word' id='word_1_67' title='bbox 206 972 252 1014; x_wconf 92' lang='lat' dir='ltr'>in</span> <span class='ocrx_word' id='word_1_68' title='bbox 282 971 456 1013; x_wconf 74' lang='lat' dir='ltr'>MALAM</span> <span class='ocrx_word' id='word_1_69' title='bbox 477 969 650 1011; x_wconf 61' lang='lat' dir='ltr'>Momm</span> <span class='ocrx_word' id='word_1_70' title='bbox 671 981 802 1022; x_wconf 88' lang='lat' dir='ltr'>usque</span> <span class='ocrx_word' id='word_1_71' title='bbox 834 966 888 1007; x_wconf 87' lang='lat' dir='ltr'>ad</span> <span class='ocrx_word' id='word_1_72' title='bbox 922 977 1038 1006; x_wconf 87' lang='lat' dir='ltr'>mare</span> <span class='ocrx_word' id='word_1_73' title='bbox 1072 961 1267 1004; x_wconf 84' lang='lat' dir='ltr'>unanimi</span> <span class='ocrx_word' id='word_1_74' title='bbox 1291 961 1511 1004; x_wconf 85' lang='lat' dir='ltr'>voluntate</span> <span class='ocrx_word' id='word_1_75' title='bbox 1541 961 1724 1003; x_wconf 86' lang='lat' dir='ltr'>eundem</span> <span class='ocrx_word' id='word_1_76' title='bbox 1754 960 1942 1003; x_wconf 89' lang='lat' dir='ltr'>rivulum</span> <span class='ocrx_word' id='word_1_77' title='bbox 1973 961 2142 1002; x_wconf 88' lang='lat' dir='ltr'>descen-</span> 
     </span>
     <span class='ocr_line' id='line_1_8' title="bbox 208 1051 2146 1117; baseline -0.006 -12"><span class='ocrx_word' id='word_1_78' title='bbox 208 1063 379 1104; x_wconf 87' lang='lat' dir='ltr'>dentem</span> <span class='ocrx_word' id='word_1_79' title='bbox 407 1076 482 1117; x_wconf 87' lang='lat' dir='ltr'>per</span> <span class='ocrx_word' id='word_1_80' title='bbox 516 1059 703 1101; x_wconf 89' lang='lat' dir='ltr'>medium</span> <span class='ocrx_word' id='word_1_81' title='bbox 735 1056 926 1113; x_wconf 85' lang='lat' dir='ltr'>ejusdem</span> <span class='ocrx_word' id='word_1_82' title='bbox 960 1069 1075 1096; x_wconf 90' lang='lat' dir='ltr'>more</span> <span class='ocrx_word' id='word_1_83' title='bbox 1105 1067 1238 1108; x_wconf 89' lang='lat' dir='ltr'>usque</span> <span class='ocrx_word' id='word_1_84' title='bbox 1272 1053 1318 1094; x_wconf 90' lang='grc'>111</span> <span class='ocrx_word' id='word_1_85' title='bbox 1347 1067 1463 1094; x_wconf 86' lang='lat' dir='ltr'>mare</span> <span class='ocrx_word' id='word_1_86' title='bbox 1493 1051 1621 1093; x_wconf 82' lang='lat' dir='ltr'>finem</span> <span class='ocrx_word' id='word_1_87' title='bbox 1656 1051 1965 1094; x_wconf 83' lang='lat' dir='ltr'>constituimus.</span> <span class='ocrx_word' id='word_1_88' title='bbox 2028 1051 2146 1097; x_wconf 76' lang='lat' dir='ltr'>Quos</span> 
     </span>
     <span class='ocr_line' id='line_1_9' title="bbox 207 1141 2146 1209; baseline -0.006 -14"><span class='ocrx_word' id='word_1_89' title='bbox 207 1153 380 1209; x_wconf 89' lang='lat' dir='ltr'>quidem</span> <span class='ocrx_word' id='word_1_90' title='bbox 409 1152 514 1193; x_wconf 90' lang='lat' dir='ltr'>fines</span> <span class='ocrx_word' id='word_1_91' title='bbox 543 1152 585 1191; x_wconf 89' lang='lat' dir='ltr'>et</span> <span class='ocrx_word' id='word_1_92' title='bbox 609 1148 750 1191; x_wconf 90' lang='lat' dir='ltr'>omnia</span> <span class='ocrx_word' id='word_1_93' title='bbox 779 1146 967 1203; x_wconf 86' lang='lat' dir='ltr'>predicta</span> <span class='ocrx_word' id='word_1_94' title='bbox 995 1144 1269 1200; x_wconf 75' lang='lat' dir='ltr'>perhenniter</span> <span class='ocrx_word' id='word_1_95' title='bbox 1295 1144 1499 1185; x_wconf 80' lang='lat' dir='ltr'>duratura</span> <span class='ocrx_word' id='word_1_96' title='bbox 1528 1157 1604 1198; x_wconf 90' lang='lat' dir='ltr'>pro</span> <span class='ocrx_word' id='word_1_97' title='bbox 1634 1158 1703 1184; x_wconf 90' lang='lat' dir='ltr'>me</span> <span class='ocrx_word' id='word_1_98' title='bbox 1733 1145 1776 1185; x_wconf 89' lang='lat' dir='ltr'>et</span> <span class='ocrx_word' id='word_1_99' title='bbox 1795 1141 2021 1184; x_wconf 84' lang='lat' dir='ltr'>heredibus</span> <span class='ocrx_word' id='word_1_100' title='bbox 2040 1142 2146 1184; x_wconf 88' lang='lat' dir='ltr'>meis</span> 
     </span>
     <span class='ocr_line' id='line_1_10' title="bbox 207 1232 2143 1297; baseline -0.005 -12"><span class='ocrx_word' id='word_1_101' title='bbox 207 1243 406 1285; x_wconf 91' lang='lat' dir='ltr'>confirmo</span> <span class='ocrx_word' id='word_1_102' title='bbox 421 1256 496 1297; x_wconf 87' lang='lat' dir='ltr'>per</span> <span class='ocrx_word' id='word_1_103' title='bbox 516 1239 647 1295; x_wconf 84' lang='lat' dir='ltr'>sigilli</span> <span class='ocrx_word' id='word_1_104' title='bbox 667 1238 750 1279; x_wconf 88' lang='lat' dir='ltr'>mei</span> <span class='ocrx_word' id='word_1_105' title='bbox 769 1235 1098 1292; x_wconf 81' lang='lat' dir='ltr'>impressionem.</span> <span class='ocrx_word' id='word_1_106' title='bbox 1171 1233 1274 1276; x_wconf 87' lang='lat' dir='ltr'>Hiis</span> <span class='ocrx_word' id='word_1_107' title='bbox 1294 1233 1473 1276; x_wconf 88' lang='lat' dir='ltr'>testibus</span> <span class='ocrx_word' id='word_1_108' title='bbox 1488 1265 1497 1275; x_wconf 93' lang='lat'><strong>.</strong></span> <span class='ocrx_word' id='word_1_109' title='bbox 1513 1232 1721 1276; x_wconf 83' lang='lat' dir='ltr'>NIGELLO</span> <span class='ocrx_word' id='word_1_110' title='bbox 1738 1233 1790 1275; x_wconf 87' lang='lat' dir='ltr'>de</span> <span class='ocrx_word' id='word_1_111' title='bbox 1806 1232 2119 1275; x_wconf 79' lang='lat' dir='ltr'>MUNDAVILLA</span> <span class='ocrx_word' id='word_1_112' title='bbox 2134 1266 2143 1275; x_wconf 89' lang='lat'>.</span> 
     </span>
     <span class='ocr_line' id='line_1_11' title="bbox 206 1323 1679 1376; baseline -0.007 0"><span class='ocrx_word' id='word_1_113' title='bbox 206 1333 420 1376; x_wconf 61' lang='lat' dir='ltr'>Hnrzmco</span> <span class='ocrx_word' id='word_1_114' title='bbox 439 1332 568 1373; x_wconf 87' lang='lat' dir='ltr'>fratre</span> <span class='ocrx_word' id='word_1_115' title='bbox 588 1328 751 1372; x_wconf 89' lang='lat' dir='ltr'>comitis</span> <span class='ocrx_word' id='word_1_116' title='bbox 774 1361 782 1369; x_wconf 95' lang='lat'><strong>.</strong></span> <span class='ocrx_word' id='word_1_117' title='bbox 805 1327 992 1369; x_wconf 77' lang='lat' dir='ltr'><strong>RADLFO</strong></span> <span class='ocrx_word' id='word_1_118' title='bbox 1011 1326 1064 1368; x_wconf 89' lang='lat' dir='ltr'>de</span> <span class='ocrx_word' id='word_1_119' title='bbox 1084 1325 1126 1367; x_wconf 85' lang='lat' dir='ltr'>la</span> <span class='ocrx_word' id='word_1_120' title='bbox 1146 1325 1287 1367; x_wconf 66' lang='lat' dir='ltr'><strong>MARE</strong></span> <span class='ocrx_word' id='word_1_121' title='bbox 1310 1358 1319 1366; x_wconf 92' lang='lat'><strong>.</strong></span> <span class='ocrx_word' id='word_1_122' title='bbox 1342 1326 1386 1367; x_wconf 89' lang='lat' dir='ltr'>et</span> <span class='ocrx_word' id='word_1_123' title='bbox 1404 1324 1552 1366; x_wconf 89' lang='lat' dir='ltr'>multis</span> <span class='ocrx_word' id='word_1_124' title='bbox 1572 1323 1679 1366; x_wconf 86' lang='lat' dir='ltr'>aliis.</span> 
     </span>
    </p>

    <p class='ocr_par' dir='ltr' id='par_1_3' title="bbox 209 1415 2162 3025">
     <span class='ocr_line' id='line_1_12' title="bbox 266 1415 2146 1471; baseline -0.005 -4"><span class='ocrx_word' id='word_1_125' title='bbox 266 1425 359 1467; x_wconf 88' lang='lat' dir='ltr'>Nos</span> <span class='ocrx_word' id='word_1_126' title='bbox 389 1426 532 1465; x_wconf 85' lang='lat' dir='ltr'>autem</span> <span class='ocrx_word' id='word_1_127' title='bbox 565 1422 618 1463; x_wconf 91' lang='lat' dir='ltr'>ad</span> <span class='ocrx_word' id='word_1_128' title='bbox 651 1420 854 1462; x_wconf 86' lang='lat' dir='ltr'>honorem</span> <span class='ocrx_word' id='word_1_129' title='bbox 888 1417 973 1460; x_wconf 85' lang='lat' dir='ltr'>Dei</span> <span class='ocrx_word' id='word_1_130' title='bbox 1010 1420 1053 1459; x_wconf 90' lang='lat' dir='ltr'>et</span> <span class='ocrx_word' id='word_1_131' title='bbox 1085 1417 1255 1459; x_wconf 79' lang='lat' dir='ltr'>ecclesie</span> <span class='ocrx_word' id='word_1_132' title='bbox 1285 1431 1334 1458; x_wconf 92' lang='lat' dir='ltr'>ac</span> <span class='ocrx_word' id='word_1_133' title='bbox 1363 1430 1439 1471; x_wconf 88' lang='lat' dir='ltr'>pro</span> <span class='ocrx_word' id='word_1_134' title='bbox 1471 1415 1608 1458; x_wconf 86' lang='lat' dir='ltr'>salute</span> <span class='ocrx_word' id='word_1_135' title='bbox 1644 1415 1785 1457; x_wconf 87' lang='lat' dir='ltr'>anime</span> <span class='ocrx_word' id='word_1_136' title='bbox 1817 1416 1959 1457; x_wconf 88' lang='lat' dir='ltr'>nostre</span> <span class='ocrx_word' id='word_1_137' title='bbox 1995 1417 2038 1457; x_wconf 87' lang='lat' dir='ltr'>et</span> <span class='ocrx_word' id='word_1_138' title='bbox 2069 1429 2146 1470; x_wconf 84' lang='lat' dir='ltr'>pro</span> 
     </span>
     <span class='ocr_line' id='line_1_13' title="bbox 209 1507 2147 1558; baseline -0.006 0"><span class='ocrx_word' id='word_1_139' title='bbox 209 1514 430 1558; x_wconf 83' lang='lat' dir='ltr'>animabus</span> <span class='ocrx_word' id='word_1_140' title='bbox 465 1512 656 1555; x_wconf 90' lang='lat' dir='ltr'>omnium</span> <span class='ocrx_word' id='word_1_141' title='bbox 688 1514 996 1552; x_wconf 87' lang='lat' dir='ltr'>antecessorum</span> <span class='ocrx_word' id='word_1_142' title='bbox 1031 1507 1235 1550; x_wconf 86' lang='lat' dir='ltr'>heredum</span> <span class='ocrx_word' id='word_1_143' title='bbox 1268 1509 1311 1550; x_wconf 88' lang='lat' dir='ltr'>et</span> <span class='ocrx_word' id='word_1_144' title='bbox 1345 1521 1628 1549; x_wconf 89' lang='lat' dir='ltr'>successorum</span> <span class='ocrx_word' id='word_1_145' title='bbox 1659 1509 1899 1548; x_wconf 90' lang='lat' dir='ltr'>nostrorum</span> <span class='ocrx_word' id='word_1_146' title='bbox 1929 1519 2074 1548; x_wconf 87' lang='lat' dir='ltr'>omnes</span> <span class='ocrx_word' id='word_1_147' title='bbox 2104 1507 2147 1547; x_wconf 88' lang='lat' dir='ltr'>et</span> 
     </span>
     <span class='ocr_line' id='line_1_14' title="bbox 209 1596 2150 1663; baseline -0.006 -14"><span class='ocrx_word' id='word_1_148' title='bbox 209 1607 398 1663; x_wconf 85' lang='lat' dir='ltr'>singulas</span> <span class='ocrx_word' id='word_1_149' title='bbox 429 1603 682 1647; x_wconf 75' lang='lat' dir='ltr'>donaciones</span> <span class='ocrx_word' id='word_1_150' title='bbox 713 1600 995 1643; x_wconf 89' lang='lat' dir='ltr'>concessiones</span> <span class='ocrx_word' id='word_1_151' title='bbox 1019 1601 1061 1641; x_wconf 87' lang='lat' dir='ltr'>et</span> <span class='ocrx_word' id='word_1_152' title='bbox 1083 1598 1426 1641; x_wconf 87' lang='lat' dir='ltr'>confirmaciones</span> <span class='ocrx_word' id='word_1_153' title='bbox 1453 1597 1662 1653; x_wconf 87' lang='lat' dir='ltr'>predictas</span> <span class='ocrx_word' id='word_1_154' title='bbox 1682 1612 1846 1639; x_wconf 83' lang='lat' dir='ltr'>necnon</span> <span class='ocrx_word' id='word_1_155' title='bbox 1867 1596 2150 1639; x_wconf 88' lang='lat' dir='ltr'>concessiones</span> 
     </span>
     <span class='ocr_line' id='line_1_15' title="bbox 210 1687 2151 1748; baseline -0.006 -8"><span class='ocrx_word' id='word_1_156' title='bbox 210 1700 252 1740; x_wconf 89' lang='lat' dir='ltr'>et</span> <span class='ocrx_word' id='word_1_157' title='bbox 272 1694 612 1739; x_wconf 86' lang='lat' dir='ltr'>confirmaciones</span> <span class='ocrx_word' id='word_1_158' title='bbox 633 1705 903 1748; x_wconf 86' lang='lat' dir='ltr'>quascunque</span> <span class='ocrx_word' id='word_1_159' title='bbox 924 1705 1029 1746; x_wconf 87' lang='lat' dir='ltr'>quas</span> <span class='ocrx_word' id='word_1_160' title='bbox 1059 1689 1344 1733; x_wconf 84' lang='lat' dir='ltr'>WILLELMUS</span> <span class='ocrx_word' id='word_1_161' title='bbox 1375 1689 1428 1731; x_wconf 91' lang='lat' dir='ltr'>de</span> <span class='ocrx_word' id='word_1_162' title='bbox 1458 1687 1668 1731; x_wconf 78' lang='lat' dir='ltr'>BREWEs&#39;</span> <span class='ocrx_word' id='word_1_163' title='bbox 1700 1702 1804 1730; x_wconf 88' lang='lat' dir='ltr'>avus</span> <span class='ocrx_word' id='word_1_164' title='bbox 1823 1689 1966 1729; x_wconf 88' lang='lat' dir='ltr'>noster</span> <span class='ocrx_word' id='word_1_165' title='bbox 1986 1687 2151 1729; x_wconf 88' lang='lat' dir='ltr'>dudum</span> 
     </span>
     <span class='ocr_line' id='line_1_16' title="bbox 210 1778 2151 1839; baseline -0.005 -9"><span class='ocrx_word' id='word_1_166' title='bbox 210 1788 407 1831; x_wconf 88' lang='lat' dir='ltr'>dominus</span> <span class='ocrx_word' id='word_1_167' title='bbox 438 1785 657 1828; x_wconf 62' lang='lat' dir='ltr'>Gowmzm</span> <span class='ocrx_word' id='word_1_168' title='bbox 691 1798 765 1839; x_wconf 88' lang='lat' dir='ltr'>per</span> <span class='ocrx_word' id='word_1_169' title='bbox 799 1784 960 1824; x_wconf 87' lang='lat' dir='ltr'>cartam</span> <span class='ocrx_word' id='word_1_170' title='bbox 995 1795 1116 1823; x_wconf 82' lang='lat' dir='ltr'>suani</span> <span class='ocrx_word' id='word_1_171' title='bbox 1150 1795 1353 1836; x_wconf 85' lang='lat' dir='ltr'>magnam</span> <span class='ocrx_word' id='word_1_172' title='bbox 1389 1780 1442 1822; x_wconf 91' lang='lat' dir='ltr'>de</span> <span class='ocrx_word' id='word_1_173' title='bbox 1473 1778 1743 1822; x_wconf 76' lang='lat' dir='ltr'>libertatibus</span> <span class='ocrx_word' id='word_1_174' title='bbox 1781 1778 1975 1834; x_wconf 86' lang='lat' dir='ltr'>ejusdem</span> <span class='ocrx_word' id='word_1_175' title='bbox 2014 1778 2151 1834; x_wconf 84' lang='lat' dir='ltr'>patrie</span> 
     </span>
     <span class='ocr_line' id='line_1_17' title="bbox 210 1868 2151 1930; baseline -0.005 -9"><span class='ocrx_word' id='word_1_176' title='bbox 210 1879 311 1921; x_wconf 78' lang='lat' dir='ltr'>fecit</span> <span class='ocrx_word' id='word_1_177' title='bbox 360 1875 582 1919; x_wconf 83' lang='lat' dir='ltr'>abbatibus</span> <span class='ocrx_word' id='word_1_178' title='bbox 623 1873 833 1930; x_wconf 82' lang='lat' dir='ltr'>prioribus</span> <span class='ocrx_word' id='word_1_179' title='bbox 881 1871 1167 1928; x_wconf 77' lang='lat' dir='ltr'>hospitalariis</span> <span class='ocrx_word' id='word_1_180' title='bbox 1210 1871 1444 1926; x_wconf 87' lang='lat' dir='ltr'>templariis</span> <span class='ocrx_word' id='word_1_181' title='bbox 1484 1869 1693 1912; x_wconf 85' lang='lat' dir='ltr'>militibus</span> <span class='ocrx_word' id='word_1_182' title='bbox 1736 1868 1867 1912; x_wconf 89' lang='lat' dir='ltr'>libere</span> <span class='ocrx_word' id='word_1_183' title='bbox 1906 1868 2151 1911; x_wconf 85' lang='lat' dir='ltr'>tenentibus</span> 
     </span>
     <span class='ocr_line' id='line_1_18' title="bbox 211 1959 2151 2016; baseline -0.006 -3"><span class='ocrx_word' id='word_1_184' title='bbox 211 1973 254 2013; x_wconf 85' lang='lat' dir='ltr'>et</span> <span class='ocrx_word' id='word_1_185' title='bbox 285 1983 429 2012; x_wconf 90' lang='lat' dir='ltr'>eorum</span> <span class='ocrx_word' id='word_1_186' title='bbox 463 1965 707 2010; x_wconf 89' lang='lat' dir='ltr'>tenentibus</span> <span class='ocrx_word' id='word_1_187' title='bbox 741 1979 789 2006; x_wconf 87' lang='lat' dir='ltr'>ac</span> <span class='ocrx_word' id='word_1_188' title='bbox 821 1978 967 2006; x_wconf 87' lang='lat' dir='ltr'>eorum</span> <span class='ocrx_word' id='word_1_189' title='bbox 1001 1962 1245 2005; x_wconf 88' lang='lat' dir='ltr'>hominibus</span> <span class='ocrx_word' id='word_1_190' title='bbox 1279 1966 1369 2004; x_wconf 88' lang='lat' dir='ltr'>tam</span> <span class='ocrx_word' id='word_1_191' title='bbox 1399 1961 1620 2004; x_wconf 70' lang='lat' dir='ltr'>ANGLICIS</span> <span class='ocrx_word' id='word_1_192' title='bbox 1668 1975 1797 2016; x_wconf 86' lang='lat' dir='ltr'>quam</span> <span class='ocrx_word' id='word_1_193' title='bbox 1845 1959 2151 2003; x_wconf 79' lang='lat' dir='ltr'><strong>WALENSIBUS</strong></span> 
     </span>
     <span class='ocr_line' id='line_1_19' title="bbox 209 2051 2152 2114; baseline -0.006 -11"><span class='ocrx_word' id='word_1_194' title='bbox 209 2060 323 2104; x_wconf 80' lang='lat' dir='ltr'>infra</span> <span class='ocrx_word' id='word_1_195' title='bbox 373 2058 633 2114; x_wconf 88' lang='lat' dir='ltr'>precinctum</span> <span class='ocrx_word' id='word_1_196' title='bbox 679 2056 903 2099; x_wconf 82' lang='lat' dir='ltr'>comitatus</span> <span class='ocrx_word' id='word_1_197' title='bbox 948 2055 1210 2096; x_wconf 80' lang='lat' dir='ltr'>ANGLICANI</span> <span class='ocrx_word' id='word_1_198' title='bbox 1252 2053 1497 2096; x_wconf 75' lang='lat' dir='ltr'>GOUHERIE</span> <span class='ocrx_word' id='word_1_199' title='bbox 1547 2051 1840 2095; x_wconf 83' lang='lat' dir='ltr'>habitantibus</span> <span class='ocrx_word' id='word_1_200' title='bbox 1881 2066 1955 2093; x_wconf 91' lang='lat' dir='ltr'>seu</span> <span class='ocrx_word' id='word_1_201' title='bbox 1996 2053 2152 2093; x_wconf 88' lang='lat' dir='ltr'>terram</span> 
     </span>
     <span class='ocr_line' id='line_1_20' title="bbox 211 2141 2154 2202; baseline -0.006 -8"><span class='ocrx_word' id='word_1_202' title='bbox 211 2150 456 2194; x_wconf 86' lang='lat' dir='ltr'>tenentibus</span> <span class='ocrx_word' id='word_1_203' title='bbox 487 2183 496 2191; x_wconf 90' lang='lat'><strong>.</strong></span> <span class='ocrx_word' id='word_1_204' title='bbox 529 2148 795 2191; x_wconf 89' lang='lat' dir='ltr'>Donaciones</span> <span class='ocrx_word' id='word_1_205' title='bbox 845 2147 1018 2202; x_wconf 90' lang='lat' dir='ltr'>insuper</span> <span class='ocrx_word' id='word_1_206' title='bbox 1057 2144 1342 2188; x_wconf 88' lang='lat' dir='ltr'>concessiones</span> <span class='ocrx_word' id='word_1_207' title='bbox 1382 2148 1425 2186; x_wconf 88' lang='lat' dir='ltr'>et</span> <span class='ocrx_word' id='word_1_208' title='bbox 1467 2142 1808 2186; x_wconf 86' lang='lat' dir='ltr'>confirmaciones</span> <span class='ocrx_word' id='word_1_209' title='bbox 1848 2157 1952 2197; x_wconf 83' lang='lat' dir='ltr'>quas</span> <span class='ocrx_word' id='word_1_210' title='bbox 1993 2141 2154 2198; x_wconf 89' lang='lat' dir='ltr'>singuli</span> 
     </span>
     <span class='ocr_line' id='line_1_21' title="bbox 212 2232 2155 2293; baseline -0.006 -8"><span class='ocrx_word' id='word_1_211' title='bbox 212 2245 490 2286; x_wconf 84' lang='lat' dir='ltr'>antecessores</span> <span class='ocrx_word' id='word_1_212' title='bbox 524 2239 658 2282; x_wconf 87' lang='lat' dir='ltr'>nostri</span> <span class='ocrx_word' id='word_1_213' title='bbox 689 2238 882 2280; x_wconf 83' lang='lat' dir='ltr'>fecerunt</span> <span class='ocrx_word' id='word_1_214' title='bbox 913 2252 988 2293; x_wconf 90' lang='lat' dir='ltr'>per</span> <span class='ocrx_word' id='word_1_215' title='bbox 1023 2238 1158 2279; x_wconf 87' lang='lat' dir='ltr'>cartas</span> <span class='ocrx_word' id='word_1_216' title='bbox 1198 2250 1295 2277; x_wconf 87' lang='lat' dir='ltr'>suas</span> <span class='ocrx_word' id='word_1_217' title='bbox 1328 2234 1507 2290; x_wconf 76' lang='lat' dir='ltr'>prefatis</span> <span class='ocrx_word' id='word_1_218' title='bbox 1545 2232 1762 2275; x_wconf 88' lang='lat' dir='ltr'>monachis</span> <span class='ocrx_word' id='word_1_219' title='bbox 1793 2235 1883 2274; x_wconf 91' lang='lat' dir='ltr'>tam</span> <span class='ocrx_word' id='word_1_220' title='bbox 1919 2232 2155 2288; x_wconf 84' lang='lat' dir='ltr'>specialiter</span> 
     </span>
     <span class='ocr_line' id='line_1_22' title="bbox 213 2323 2156 2387; baseline -0.006 -10"><span class='ocrx_word' id='word_1_221' title='bbox 213 2334 370 2377; x_wconf 88' lang='lat' dir='ltr'>eisdem</span> <span class='ocrx_word' id='word_1_222' title='bbox 390 2345 518 2387; x_wconf 87' lang='lat' dir='ltr'>quam</span> <span class='ocrx_word' id='word_1_223' title='bbox 538 2329 792 2386; x_wconf 81' lang='lat' dir='ltr'>generaliter</span> <span class='ocrx_word' id='word_1_224' title='bbox 812 2343 908 2371; x_wconf 89' lang='lat' dir='ltr'>cum</span> <span class='ocrx_word' id='word_1_225' title='bbox 929 2327 1126 2370; x_wconf 87' lang='lat' dir='ltr'>comitate</span> <span class='ocrx_word' id='word_1_226' title='bbox 1148 2325 1394 2369; x_wconf 76' lang='lat' dir='ltr'>GOUHERIE</span> <span class='ocrx_word' id='word_1_227' title='bbox 1412 2359 1421 2368; x_wconf 87' lang='lat'><strong>.</strong></span> <span class='ocrx_word' id='word_1_228' title='bbox 1444 2324 1712 2367; x_wconf 89' lang='lat' dir='ltr'>Donaciones</span> <span class='ocrx_word' id='word_1_229' title='bbox 1727 2323 1856 2366; x_wconf 88' lang='lat' dir='ltr'>etiam</span> <span class='ocrx_word' id='word_1_230' title='bbox 1872 2323 2156 2366; x_wconf 89' lang='lat' dir='ltr'>concessiones</span> 
     </span>
     <span class='ocr_line' id='line_1_23' title="bbox 214 2413 2157 2475; baseline -0.005 -9"><span class='ocrx_word' id='word_1_231' title='bbox 214 2429 259 2467; x_wconf 82' lang='lat' dir='ltr'>et</span> <span class='ocrx_word' id='word_1_232' title='bbox 298 2421 637 2466; x_wconf 86' lang='lat' dir='ltr'>confirmaciones</span> <span class='ocrx_word' id='word_1_233' title='bbox 676 2434 821 2462; x_wconf 88' lang='lat' dir='ltr'>omnes</span> <span class='ocrx_word' id='word_1_234' title='bbox 859 2421 903 2461; x_wconf 90' lang='lat' dir='ltr'>et</span> <span class='ocrx_word' id='word_1_235' title='bbox 942 2417 1133 2475; x_wconf 88' lang='lat' dir='ltr'>singulas</span> <span class='ocrx_word' id='word_1_236' title='bbox 1173 2432 1278 2473; x_wconf 90' lang='lat' dir='ltr'>quas</span> <span class='ocrx_word' id='word_1_237' title='bbox 1317 2415 1440 2459; x_wconf 90' lang='lat' dir='ltr'>liberi</span> <span class='ocrx_word' id='word_1_238' title='bbox 1473 2417 1668 2458; x_wconf 87' lang='lat' dir='ltr'>tenentes</span> <span class='ocrx_word' id='word_1_239' title='bbox 1706 2413 1821 2456; x_wconf 75' lang='lat' dir='ltr'>infra</span> <span class='ocrx_word' id='word_1_240' title='bbox 1854 2413 2013 2456; x_wconf 89' lang='lat' dir='ltr'>limites</span> <span class='ocrx_word' id='word_1_241' title='bbox 2046 2416 2157 2457; x_wconf 89' lang='lat' dir='ltr'>terre</span> 
     </span>
     <span class='ocr_line' id='line_1_24' title="bbox 215 2505 2157 2566; baseline -0.006 -8"><span class='ocrx_word' id='word_1_242' title='bbox 215 2515 268 2558; x_wconf 90' lang='lat' dir='ltr'>de</span> <span class='ocrx_word' id='word_1_243' title='bbox 304 2514 547 2557; x_wconf 78' lang='lat' dir='ltr'><strong>GOUHERIA</strong></span> <span class='ocrx_word' id='word_1_244' title='bbox 594 2511 786 2553; x_wconf 80' lang='lat' dir='ltr'>fecerunt</span> <span class='ocrx_word' id='word_1_245' title='bbox 835 2525 910 2566; x_wconf 89' lang='lat' dir='ltr'>per</span> <span class='ocrx_word' id='word_1_246' title='bbox 954 2513 1088 2552; x_wconf 89' lang='lat' dir='ltr'>cartas</span> <span class='ocrx_word' id='word_1_247' title='bbox 1130 2523 1227 2551; x_wconf 88' lang='lat' dir='ltr'>suas</span> <span class='ocrx_word' id='word_1_248' title='bbox 1276 2507 1477 2564; x_wconf 87' lang='lat' dir='ltr'>predictis</span> <span class='ocrx_word' id='word_1_249' title='bbox 1520 2505 1738 2549; x_wconf 87' lang='lat' dir='ltr'>monachis</span> <span class='ocrx_word' id='word_1_250' title='bbox 1767 2506 1820 2547; x_wconf 88' lang='lat' dir='ltr'>de</span> <span class='ocrx_word' id='word_1_251' title='bbox 1869 2505 1992 2547; x_wconf 87' lang='lat' dir='ltr'>terris</span> <span class='ocrx_word' id='word_1_252' title='bbox 2039 2508 2157 2547; x_wconf 88' lang='lat' dir='ltr'>tene-</span> 
     </span>
     <span class='ocr_line' id='line_1_25' title="bbox 216 2595 2159 2657; baseline -0.005 -9"><span class='ocrx_word' id='word_1_253' title='bbox 216 2605 371 2648; x_wconf 90' lang='lat' dir='ltr'>mentis</span> <span class='ocrx_word' id='word_1_254' title='bbox 410 2607 453 2647; x_wconf 91' lang='lat' dir='ltr'>et</span> <span class='ocrx_word' id='word_1_255' title='bbox 490 2601 759 2646; x_wconf 83' lang='lat' dir='ltr'>libertatibus</span> <span class='ocrx_word' id='word_1_256' title='bbox 799 2601 1119 2657; x_wconf 87' lang='lat' dir='ltr'>quibuscunque</span> <span class='ocrx_word' id='word_1_257' title='bbox 1159 2602 1273 2642; x_wconf 86' lang='lat' dir='ltr'>ratas</span> <span class='ocrx_word' id='word_1_258' title='bbox 1311 2597 1517 2641; x_wconf 87' lang='lat' dir='ltr'>habentes</span> <span class='ocrx_word' id='word_1_259' title='bbox 1556 2600 1599 2640; x_wconf 87' lang='lat' dir='ltr'>et</span> <span class='ocrx_word' id='word_1_260' title='bbox 1638 2599 1782 2653; x_wconf 82' lang='lat' dir='ltr'>gratas</span> <span class='ocrx_word' id='word_1_261' title='bbox 1816 2611 1886 2638; x_wconf 86' lang='lat' dir='ltr'>eas</span> <span class='ocrx_word' id='word_1_262' title='bbox 1925 2611 2001 2651; x_wconf 89' lang='lat' dir='ltr'>pro</span> <span class='ocrx_word' id='word_1_263' title='bbox 2036 2595 2159 2639; x_wconf 88' lang='lat' dir='ltr'>nobis</span> 
     </span>
     <span class='ocr_line' id='line_1_26' title="bbox 219 2686 2158 2748; baseline -0.006 -8"><span class='ocrx_word' id='word_1_264' title='bbox 219 2701 262 2742; x_wconf 91' lang='lat' dir='ltr'>et</span> <span class='ocrx_word' id='word_1_265' title='bbox 301 2695 525 2740; x_wconf 88' lang='lat' dir='ltr'>heredibus</span> <span class='ocrx_word' id='word_1_266' title='bbox 574 2693 729 2737; x_wconf 84' lang='lat' dir='ltr'>nostris</span> <span class='ocrx_word' id='word_1_267' title='bbox 769 2708 816 2736; x_wconf 88' lang='lat' dir='ltr'>ac</span> <span class='ocrx_word' id='word_1_268' title='bbox 856 2691 1082 2748; x_wconf 86' lang='lat' dir='ltr'>assignatis</span> <span class='ocrx_word' id='word_1_269' title='bbox 1131 2693 1340 2747; x_wconf 88' lang='lat' dir='ltr'>quantum</span> <span class='ocrx_word' id='word_1_270' title='bbox 1379 2690 1426 2732; x_wconf 91' lang='lat' dir='ltr'>in</span> <span class='ocrx_word' id='word_1_271' title='bbox 1466 2688 1588 2732; x_wconf 89' lang='lat' dir='ltr'>nobis</span> <span class='ocrx_word' id='word_1_272' title='bbox 1623 2690 1685 2731; x_wconf 82' lang='lat' dir='ltr'>est</span> <span class='ocrx_word' id='word_1_273' title='bbox 1707 2687 1871 2730; x_wconf 85' lang='lat' dir='ltr'>dilectis</span> <span class='ocrx_word' id='word_1_274' title='bbox 1892 2687 1938 2729; x_wconf 90' lang='lat' dir='ltr'>in</span> <span class='ocrx_word' id='word_1_275' title='bbox 1960 2686 2158 2730; x_wconf 75' lang='lat' dir='ltr'>Cmusro</span> 
     </span>
     <span class='ocr_line' id='line_1_27' title="bbox 219 2778 2161 2840; baseline -0.006 -9"><span class='ocrx_word' id='word_1_276' title='bbox 219 2803 333 2832; x_wconf 89' lang='lat' dir='ltr'>nuno</span> <span class='ocrx_word' id='word_1_277' title='bbox 379 2786 524 2830; x_wconf 85' lang='lat' dir='ltr'>abbati</span> <span class='ocrx_word' id='word_1_278' title='bbox 567 2788 611 2828; x_wconf 82' lang='lat' dir='ltr'>et</span> <span class='ocrx_word' id='word_1_279' title='bbox 658 2784 876 2827; x_wconf 86' lang='lat' dir='ltr'>monachis</span> <span class='ocrx_word' id='word_1_280' title='bbox 921 2783 1003 2826; x_wconf 90' lang='lat' dir='ltr'>loci</span> <span class='ocrx_word' id='word_1_281' title='bbox 1047 2782 1227 2840; x_wconf 87' lang='lat' dir='ltr'>predicti</span> <span class='ocrx_word' id='word_1_282' title='bbox 1269 2785 1312 2824; x_wconf 86' lang='lat' dir='ltr'>et</span> <span class='ocrx_word' id='word_1_283' title='bbox 1356 2796 1501 2824; x_wconf 87' lang='lat' dir='ltr'>eorum</span> <span class='ocrx_word' id='word_1_284' title='bbox 1546 2778 1850 2822; x_wconf 85' lang='lat' dir='ltr'>successoribus</span> <span class='ocrx_word' id='word_1_285' title='bbox 1892 2778 2161 2821; x_wconf 85' lang='lat' dir='ltr'>concedimus</span> 
     </span>
     <span class='ocr_line' id='line_1_28' title="bbox 218 2869 2162 2928; baseline -0.006 -6"><span class='ocrx_word' id='word_1_286' title='bbox 218 2879 456 2924; x_wconf 85' lang='lat' dir='ltr'>remisimus</span> <span class='ocrx_word' id='word_1_287' title='bbox 475 2877 733 2920; x_wconf 88' lang='lat' dir='ltr'>ratificamus</span> <span class='ocrx_word' id='word_1_288' title='bbox 753 2878 794 2918; x_wconf 90' lang='lat' dir='ltr'>et</span> <span class='ocrx_word' id='word_1_289' title='bbox 815 2875 1113 2918; x_wconf 88' lang='lat' dir='ltr'>confirmamus</span> <span class='ocrx_word' id='word_1_290' title='bbox 1127 2874 1174 2916; x_wconf 90' lang='lat' dir='ltr'>in</span> <span class='ocrx_word' id='word_1_291' title='bbox 1193 2872 1536 2928; x_wconf 82' lang='lat' dir='ltr'>liberampuram</span> <span class='ocrx_word' id='word_1_292' title='bbox 1557 2874 1600 2914; x_wconf 91' lang='lat' dir='ltr'>et</span> <span class='ocrx_word' id='word_1_293' title='bbox 1619 2873 1872 2927; x_wconf 89' lang='lat' dir='ltr'>perpetuum</span> <span class='ocrx_word' id='word_1_294' title='bbox 1888 2869 2162 2912; x_wconf 86' lang='lat' dir='ltr'>elemosinam</span> 
     </span>
     <span class='ocr_line' id='line_1_29' title="bbox 217 2960 2162 3025; baseline -0.004 -12"><span class='ocrx_word' id='word_1_295' title='bbox 217 2971 326 3014; x_wconf 86' lang='lat' dir='ltr'>sicut</span> <span class='ocrx_word' id='word_1_296' title='bbox 345 2969 489 3025; x_wconf 87' lang='lat' dir='ltr'>aliqua</span> <span class='ocrx_word' id='word_1_297' title='bbox 508 2967 736 3011; x_wconf 89' lang='lat' dir='ltr'>elemosina</span> <span class='ocrx_word' id='word_1_298' title='bbox 753 2965 928 3009; x_wconf 88' lang='lat' dir='ltr'>liberius</span> <span class='ocrx_word' id='word_1_299' title='bbox 947 2965 1039 3008; x_wconf 89' lang='lat' dir='ltr'>dari</span> <span class='ocrx_word' id='word_1_300' title='bbox 1059 2967 1197 3021; x_wconf 90' lang='lat' dir='ltr'>potest</span> <span class='ocrx_word' id='word_1_301' title='bbox 1217 2964 1285 3007; x_wconf 88' lang='lat' dir='ltr'>vel</span> <span class='ocrx_word' id='word_1_302' title='bbox 1305 2963 1454 3007; x_wconf 85' lang='lat' dir='ltr'>teneri.</span> <span class='ocrx_word' id='word_1_303' title='bbox 1515 2962 1642 3005; x_wconf 83' lang='lat' dir='ltr'>Salvo</span> <span class='ocrx_word' id='word_1_304' title='bbox 1663 2976 1749 3004; x_wconf 92' lang='lat' dir='ltr'>uno</span> <span class='ocrx_word' id='word_1_305' title='bbox 1769 2960 2008 3016; x_wconf 87' lang='lat' dir='ltr'>esperuario</span> <span class='ocrx_word' id='word_1_306' title='bbox 2030 2960 2162 3005; x_wconf 91' lang='lat' dir='ltr'>rubeo</span> 
     </span>
    </p>
   </div>
   <div class='ocr_carea' id='block_1_3' title="bbox 219 3050 2166 3105">
    <p class='ocr_par' dir='ltr' id='par_1_4' title="bbox 219 3050 2166 3105">
     <span class='ocr_line' id='line_1_30' title="bbox 219 3050 2166 3105; baseline -0.005 -1"><span class='ocrx_word' id='word_1_307' title='bbox 219 3060 341 3105; x_wconf 91' lang='lat' dir='ltr'>nobis</span> <span class='ocrx_word' id='word_1_308' title='bbox 388 3063 432 3103; x_wconf 87' lang='lat' dir='ltr'>et</span> <span class='ocrx_word' id='word_1_309' title='bbox 483 3057 708 3101; x_wconf 87' lang='lat' dir='ltr'>heredibus</span> <span class='ocrx_word' id='word_1_310' title='bbox 760 3056 914 3100; x_wconf 88' lang='lat' dir='ltr'>nostris</span> <span class='ocrx_word' id='word_1_311' title='bbox 964 3055 1190 3099; x_wconf 88' lang='lat' dir='ltr'>annuatim</span> <span class='ocrx_word' id='word_1_312' title='bbox 1238 3055 1285 3098; x_wconf 89' lang='lat' dir='ltr'>in</span> <span class='ocrx_word' id='word_1_313' title='bbox 1333 3053 1443 3097; x_wconf 77' lang='lat' dir='ltr'>festo</span> <span class='ocrx_word' id='word_1_314' title='bbox 1492 3051 1731 3096; x_wconf 88' lang='lat' dir='ltr'>nativitatis</span> <span class='ocrx_word' id='word_1_315' title='bbox 1779 3050 1894 3094; x_wconf 86' lang='lat' dir='ltr'>beati</span> <span class='ocrx_word' id='word_1_316' title='bbox 1933 3050 1963 3094; x_wconf 87' lang='lat' dir='ltr'><strong>J</strong></span> <span class='ocrx_word' id='word_1_317' title='bbox 1965 3065 2166 3095; x_wconf 79' lang='lat' dir='ltr'><strong>OHANNIS</strong></span> 
     </span>
    </p>
   </div>
  </div>
 </body>
</html>
