2386 3645
224 329 334 371 1376

1037 729 1233 773 MLXV.

168 832 544 881 QUIT-GLAJM
609 835 696 879 BY
754 836 923 880 JOHN
990 837 1216 890 BONER,
1278 836 1356 879 OF
1426 835 1766 889 OHERI'TON,
1827 836 1904 880 ΤΟ
1973 836 2108 880 DOM

309 924 512 969 DAVID
544 925 751 980 VOILE,
794 926 1039 970 RECTOR
1089 927 1167 969 OF
1212 926 1584 980 PENMAYNE,
1627 926 1706 969 OF
1747 926 1854 970 HIS
1905 926 2109 970 RIGHT

307 1014 380 1058 IN
423 1014 554 1058 THE
599 1016 824 1060 MANOR
852 1017 930 1060 OF
972 1016 1231 1060 HORTON
1260 1016 1393 1059 AND
1430 1016 1653 1071 LANDS,
1703 1016 1848 1071 ETG„
1881 1016 2108 1062 WHIGH

308 1105 439 1148 THE
491 1106 636 1150 SAID
687 1107 717 1151 J
720 1107 856 1151 OHN
904 1107 1039 1150 AND
1094 1106 1298 1151 DAVID
1349 1107 1525 1150 HOLD
1576 1107 1971 1152 OONJOINTLY
2020 1107 2108 1151 BY

309 1197 692 1241 FEOFFMENT
741 1198 820 1241 OF
869 1197 1037 1241 LORD
1088 1197 1257 1241 JOHN
1309 1197 1566 1241 PENRES.

877 1304 1107 1362 [MARGAM
1139 1305 1397 1362 CHARTER]

1219 1415 1242 1455 1
1274 1413 1395 1456 AUG.
1459 1414 1512 1455 18
1543 1412 1642 1457 R1c.
1675 1412 1740 1456 II.
1802 1427 1889 1456 m).
1923 1413 2048 1455 1394.

221 1516 374 1560 Pateat
408 1517 615 1561 universis
649 1533 724 1575 per
757 1522 971 1575 presentes
1004 1534 1072 1562 me
1104 1519 1133 1562 J
1137 1534 1361 1562 OHANNEM
1397 1520 1560 1563 BoNER
1595 1521 1648 1563 de
1678 1519 1934 1563 GHERITON'
1965 1518 2108 1562 remisi

161 1607 350 1650 relaxavi
374 1610 417 1650 et
438 1608 611 1652 omnino
631 1623 708 1665 pro
729 1624 798 1652 me
819 1613 862 1652 et
883 1610 1024 1653 hered.
1047 1611 1151 1654 meis
1167 1611 1361 1667 quietum
1377 1611 1556 1654 clamavi
1572 1611 1745 1654 domino
1759 1610 1916 1654 DAvn)
1931 1610 2080 1655 VonAE
2096 1644 2105 1652 .

161 1698 312 1742 rectori
333 1699 504 1742 ecclesie
524 1700 578 1742 de
598 1699 856 1742 PENMAYNE
877 1703 1016 1744 totum
1031 1702 1102 1757 jus
1122 1705 1166 1745 et
1185 1702 1393 1745 clameum
1424 1703 1537 1758 quod
1566 1702 1701 1745 habeo
1731 1701 1863 1745 habui
1893 1704 1937 1744 et
1965 1702 2108 1758 aliquo

159 1789 285 1832 modo
307 1788 462 1833 habere
482 1793 628 1845 potero
648 1791 692 1833 in
715 1791 903 1834 manerio
923 1793 975 1834 de
997 1792 1190 1835 HORTON
1212 1796 1253 1836 et
1274 1793 1321 1836 in
1342 1793 1539 1836 omnibus
1553 1793 1677 1836 terris
1697 1796 1740 1836 et
1755 1792 2011 1836 tenementis
2026 1807 2109 1848 que

159 1895 236 1923 nos
267 1879 472 1923 habemus
503 1881 679 1924 insimul
711 1897 764 1924 ex
799 1882 1074 1926 feoffamento
1109 1884 1272 1927 domini
1299 1883 1330 1928 J
1332 1898 1532 1926 OHANNIS
1560 1884 1743 1927 PENRES
1778 1899 1875 1927 cum
1912 1882 2110 1927 omnibus

158 1971 440 2026 pertinentiis,
481 1971 543 2013 ita
583 1972 696 2027 quod
728 1987 805 2015 nec
845 1987 925 2029 ego
959 1974 1172 2029 predictus
1204 1973 1234 2017 J
1236 1989 1446 2017 OHANNES
1481 1974 1658 2027 BONER,
1694 1989 1771 2017 nec
1811 1974 1966 2030 aliquis
2000 1974 2110 2017 alius

159 2061 332 2105 nomine
353 2075 447 2104 meo
468 2062 631 2118 aliquid
652 2062 760 2118 juris
780 2063 847 2105 vel
868 2064 1015 2107 clamei
1043 2065 1087 2106 in
1108 2065 1298 2120 predicto
1327 2066 1517 2108 manerio
1547 2066 1670 2108 terris
1700 2068 1743 2108 et
1771 2065 2027 2108 tenementis
2056 2066 2110 2108 de

161 2155 297 2196 cetero
319 2152 488 2208 exigere
507 2153 575 2195 vel
596 2153 819 2197 vendicare
838 2155 1084 2210 poterimus,
1107 2158 1170 2198 set
1191 2156 1244 2198 ab
1270 2156 1387 2198 omni
1408 2156 1594 2199 remedio
1613 2156 1722 2212 juris
1742 2156 1809 2198 vel
1841 2156 1990 2199 olamei
2009 2155 2111 2199 inde

162 2243 292 2286 simus
312 2243 471 2286 exclusi
491 2258 565 2299 per
585 2247 799 2300 presentes
819 2244 1133 2302 imperpetuum
1166 2281 1173 2289 .
1207 2246 1263 2289 In
1301 2247 1423 2303 cujus
1453 2247 1514 2289 rei
1544 2247 1701 2290 testim.
1734 2247 1925 2303 sigillum
1965 2261 2110 2289 meum

162 2333 429 2390 presentibus
449 2334 638 2390 apposui.

219 2425 337 2468 Data
367 2426 482 2481 apud
512 2425 749 2468 HORETON'
782 2427 917 2482 primo
947 2428 1016 2470 die
1045 2429 1202 2471 mensis
1241 2428 1432 2486 Augusti
1463 2443 1576 2472 anno
1606 2429 1730 2485 regni
1751 2428 1886 2485 Regis
1914 2428 2110 2472 RmARm

164 2517 337 2560 secundi
357 2519 452 2572 post
473 2520 748 2572 conquestum
769 2519 931 2562 decimo
951 2522 1110 2562 octavo.

221 2607 478 2663 Impression
501 2607 547 2649 in
568 2608 642 2650 red
663 2623 757 2651 wax
778 2608 824 2651 of
854 2624 879 2652 a
898 2609 998 2666 ring
1019 2612 1103 2653 seal
1125 2615 1188 2654 set
1207 2611 1312 2654 with
1343 2626 1398 2653 an
1429 2611 1651 2654 indistinct
1681 2625 1792 2667 gem,
1824 2612 1910 2654 and
1940 2610 2113 2654 obscure

165 2698 333 2755 legend.

223 2789 577 2832 Endorsed—‘A
606 2791 763 2834 release
793 2792 839 2835 of
868 2792 985 2836 John
1015 2792 1159 2836 Boner
1179 2797 1223 2836 to
1252 2793 1366 2836 Dam
1396 2794 1538 2837 Voiell
1570 2794 1683 2836 clerk
1713 2793 1759 2837 of
1788 2793 1862 2836 the
1889 2807 2039 2836 manor
2069 2793 2114 2836 of

167 2880 343 2923 Penrioe
363 2880 449 2922 and
469 2879 673 2923 Horton.'
