2386 3645
308 259 417 299 1590

1061 485 1375 530 MOLXVIH.

248 588 447 633 PRIVY
496 589 654 633 SEAL
712 591 990 635 LETTERS
1051 593 1129 635 OF
1187 594 1416 636 HENRY
1465 594 1563 647 VI„
1623 595 1699 638 ΤΟ
1759 595 1958 638 JAMES
2017 595 2185 638 LORD

390 680 700 724 AUDELEY
748 683 881 726 AND
933 683 1194 734 OTHERS‚
1245 685 1548 728 RECITING
1597 686 1731 728 AND
1787 685 2187 729 CONFIRMING

390 771 497 814 HIS
548 771 826 816 LETTERS
877 774 1124 817 PATENT
1182 775 1394 818 DATED
1449 777 1563 818 18zrn
1615 776 1966 818 FEBRUARY
2017 776 2185 828 LAST,

390 862 779 907 RESPEOTING
829 864 958 907 THE
1020 865 1456 909 GOVERNMENT
1516 867 1593 909 OF
1654 867 1783 909 THE
1843 867 2059 909 ABBEY
2109 867 2187 910 OF

388 953 935 997 STRATA-FLORIDA
1006 955 1374 998 COMMITTED
1454 957 1530 1000 To
1600 958 1730 1000 THE
1800 958 2038 1001 ABBOTS
2108 958 2186 1001 OF

391 1044 667 1087 MARGAM
717 1045 851 1088 AND
902 1046 1313 1090 WHITELAND.

691 1152 841 1209 [BR1T.
874 1153 1005 1204 Mns„
1037 1153 1188 1196 HARL.
1222 1154 1454 1207 CHARTER‚
1488 1157 1541 1196 75
1572 1157 1627 1198 A.
1663 1155 1752 1212 IL]

1307 1263 1333 1303 3
1364 1262 1548 1304 MARCH.
1611 1265 1663 1304 21
1698 1263 1823 1305 HEN.
1856 1263 1938 1306 VI.
2006 1265 2129 1306 1443.

301 1367 542 1410 HEchus
581 1368 665 1410 Dei
705 1369 847 1424 gracia
887 1369 983 1411 Rex
1021 1369 1205 1411 ANGLIE
1246 1373 1289 1412 et
1329 1370 1534 1412 FRANCIE
1576 1373 1619 1413 et
1658 1372 1856 1413 dominus
1903 1371 2143 1414 HIBERNIE
2178 1406 2186 1414 .

244 1458 481 1500 Predilecto
512 1464 553 1500 et
589 1459 704 1500 fideli
735 1463 877 1500 nostro
908 1459 937 1501 J
939 1473 1076 1501 ACOBO
1106 1460 1277 1502 domino
1309 1461 1361 1502 de
1397 1459 1623 1502 AUDELEY
1655 1476 1703 1503 ac
1733 1461 1896 1503 dilectis
1926 1464 1969 1503 et
1998 1461 2195 1504 fidelibus

243 1550 396 1591 nostris
426 1549 634 1591 JOHANNI
680 1548 887 1591 STANLEY
927 1542 1137 1606 armigero
1169 1584 1177 1592 .
1211 1550 1436 1592 PHILIPPO
1475 1566 1529 1606 ap
1570 1551 1664 1593 REs
1694 1552 1957 1594 decretorum
1987 1552 2148 1594 doctori
2179 1586 2188 1595 .

242 1640 509 1683 MEREDUTH
560 1656 614 1696 ap
665 1640 837 1682 OWEYN
872 1675 879 1682 .
913 1640 1068 1683 JEUAN
1109 1657 1163 1697 ap
1213 1641 1403 1683 JANKYN
1454 1641 1588 1684 HYOT
1623 1642 1677 1697 (P)
1715 1676 1723 1684 .
1756 1643 1964 1685 JOHANNI
2007 1658 2060 1699 ap
2102 1643 2194 1686 RES

242 1747 296 1788 ap
320 1731 510 1773 THOMAs
543 1766 551 1774 .
588 1731 845 1775 WILLELMO
866 1731 1140 1774 BURGHULL'
1163 1735 1205 1774 et
1225 1731 1318 1774 RES
1339 1747 1393 1787 ap
1424 1731 1690 1775 MEREDUTH
1711 1748 1764 1788 ap
1787 1733 1959 1775 OWEYN
1982 1737 2024 1776 et
2046 1748 2192 1776 eorum

243 1822 418 1865 cuilibet
441 1823 632 1864 salutem.

301 1913 415 1956 Scire
436 1928 509 1955 vos
530 1914 725 1956 volumus
746 1915 859 1969 quod
878 1914 1023 1956 literas
1043 1913 1121 1956 sub
1148 1929 1306 1971 magno
1337 1914 1478 1970 sigillo
1509 1917 1653 1957 nostro
1684 1915 1775 1957 fieri
1806 1915 1985 1957 fecimus
2016 1916 2094 1959 sub
2114 1916 2193 1960 hac

243 2005 393 2048 forma.

390 2096 629 2138 HEchns
660 2096 744 2138 Dei
776 2096 917 2152 gracia
953 2096 1048 2138 Rex
1078 2095 1262 2138 ANGLIE
1294 2099 1336 2139 et
1366 2096 1572 2138 FRANCIE
1604 2100 1647 2139 et
1677 2097 1875 2139 dominus
1906 2097 2148 2140 HIBERNIE
2181 2132 2191 2142 .

335 2186 544 2229 Omnibus
565 2188 620 2228 ad
640 2201 744 2242 quos
764 2189 977 2242 presentes
996 2186 1118 2228 litere
1138 2188 1407 2242 pervenerint
1431 2187 1622 2230 salutem.

395 2278 465 2319 Ex
485 2280 605 2333 parte
626 2277 877 2320 WILLELMI
899 2277 1057 2319 MORYs
1078 2277 1256 2319 dicentis
1271 2292 1313 2320 se
1330 2277 1527 2320 abbatem
1543 2277 1711 2320 abbatie
1728 2279 1779 2320 de
1797 2277 1974 2321 STRATA
1990 2279 2195 2322 FLORIDA

337 2370 389 2411 de
411 2369 557 2411 ordine
579 2368 886 2410 OISTERoOENsl
918 2368 1216 2410 MENEVENSIS
1237 2369 1410 2411 diocesis
1439 2368 1561 2411 nobis
1591 2372 1654 2411 est
1684 2369 1871 2425 graviter
1901 2371 2196 2425 conquerendo

339 2462 621 2502 monstratum
652 2460 765 2514 quod
796 2474 891 2501 cum
921 2458 1092 2502 abbatia
1133 2459 1208 2501 illa
1249 2460 1301 2501 de
1341 2459 1597 2501 fundacione
1627 2459 1836 2502 nobilium
1876 2461 2198 2517 progenitorum

340 2553 582 2593 nostrorum
603 2551 817 2605 quondam
838 2550 1078 2606 principum
1108 2550 1304 2594 WALLIE
1335 2554 1378 2592 et
1407 2555 1551 2593 nostro
1582 2554 1812 2606 patronatu
1843 2552 1997 2594 existat
2028 2555 2070 2594 et
2099 2552 2198 2594 licet

338 2642 451 2683 idem
474 2640 759 2684 WILLELMUS
775 2644 953 2683 vacante
968 2657 1104 2697 nuper
1125 2641 1295 2684 abbatia
1314 2642 1389 2683 illa
1408 2657 1483 2697 per
1503 2645 1681 2684 mortem
1702 2641 1926 2698 cujusdam
1948 2642 2041 2685 RES
2061 2658 2197 2699 nuper

341 2732 506 2774 abbatis
526 2731 720 2787 ejusdem
742 2746 790 2774 ac
809 2732 988 2786 pastoris
1008 2732 1160 2774 solacio
1190 2732 1407 2784 destituta,
1430 2732 1664 2787 Requisitis
1694 2732 2062 2788 solempnitatibus
2082 2734 2125 2776 in
2149 2749 2199 2777 ea

344 2826 463 2879 parte
483 2822 749 2878 requirendis
768 2837 843 2878 per
863 2822 1045 2878 priorem
1066 2825 1109 2864 et
1129 2826 1385 2865 conventum
1406 2823 1508 2865 dicti
1528 2822 1634 2866 Loci
1653 2823 1699 2865 in
1720 2822 1918 2866 abbatem
1933 2827 1976 2867 et
1990 2827 2201 2880 pastorem

344 2914 537 2970 ejusdem
571 2913 768 2955 canonice
796 2913 951 2955 electus
986 2916 1028 2956 et
1062 2916 1238 2965 creatus,
1275 2917 1317 2956 et
1357 2929 1431 2969 per
1470 2915 1674 2969 quosdam
1715 2914 1872 2956 DAvm
1911 2914 2108 2958 abbatem
2148 2917 2201 2959 de

348 3005 610 3049 WHITLOND
630 3006 794 3059 patrem
825 3004 1021 3047 abbatem
1051 3004 1162 3047 dicte
1191 3004 1360 3047 abbatie
1390 3006 1443 3047 de
1473 3004 1648 3047 STRATA
1679 3005 1886 3047 FLORIDA
1917 3008 1960 3048 et
1989 3007 2203 3062 quendam
