2386 3645
1908 248 2018 289 1305

132 446 417 503 burgensibus
459 450 502 489 et
541 447 634 488 aliis
672 445 916 489 hominibus
955 450 998 489 et
1037 448 1283 490 tenentibus
1327 450 1379 491 de
1420 449 1629 492 KERDYF'
1680 451 1796 493 Usn’
1833 451 2075 494 KAERLION

133 538 354 582 NEUPORT
372 537 647 580 COUBRUGGE
663 537 833 580 ΝΕΕΤΗ
854 541 896 579 et
913 537 1141 580 KENEFEG
1158 539 1416 582 ratificamus
1432 541 1713 596 approbamus
1726 545 1767 584 et
1783 544 2076 585 confirmamus

134 632 261 686 prout
293 632 407 671 carta
437 628 626 684 predicta
657 628 968 671 rationabiliter
1002 632 1184 672 testatur
1216 632 1259 672 et
1289 634 1416 685 prout
1448 631 1530 686 ipsi
1557 634 1599 673 et
1627 647 1772 674 eorum
1803 636 2078 676 antecessores

133 719 404 762 libertatibus
461 722 505 761 et
563 719 813 774 quietanciis
861 719 947 761 illis
997 720 1201 762 hactenus
1250 721 1316 762 usi
1362 724 1462 763 sunt
1500 721 1809 764 rationabiliter
1848 725 1890 764 et
1929 723 2075 779 gavisi.

133 811 237 854 Hiis
285 810 463 853 testibus
480 843 489 852 .
511 809 824 853 venerabilibus
872 810 1065 866 patribus
1114 811 1157 853 S.
1209 811 1517 868 archiepiscopo
1568 812 1909 855 CANTUARIENSI
1947 814 2079 856 totius

133 901 319 945 ANGLIE
359 902 540 957 primate
583 935 591 943 .
635 900 706 944 W.
750 901 1084 944 WYNTONIENSI
1126 902 1321 958 episcopo
1361 903 1609 945 cancellario
1648 909 1791 946 nostro
1822 937 1831 946 .
1864 903 1893 946 J
1896 918 2078 946 OHANNE

136 992 367 1035 RoFFENffi
397 992 590 1048 episcopo
621 991 882 1034 thesaurario
911 998 1055 1034 nostro
1089 1027 1097 1035 .
1121 992 1381 1036 WILLELMO
1402 994 1455 1035 de
1476 993 1645 1035 Bomm
1666 994 2028 1037 NORTHAMPTON’
2069 1029 2078 1038 .

134 1083 342 1126 RICARDO
361 1081 630 1125 ARUNDELL’
655 1116 664 1124 .
688 1082 875 1125 ROGERo
896 1084 948 1125 de
978 1083 1172 1125 MORTUO
1193 1084 1323 1126 MARI
1354 1084 1576 1126 MARcmE
1598 1084 1821 1127 comitibus
1839 1118 1847 1126 .
1865 1085 1895 1128 J
1897 1100 2084 1128 oHANNE

135 1175 189 1217 de
211 1174 340 1217 GREY
362 1175 415 1216 de
437 1173 750 1216 RETHERFELD
773 1208 780 1216 .
805 1175 1031 1216 senescallo
1052 1175 1229 1230 hospicii
1247 1176 1379 1217 nostri
1400 1179 1443 1217 et
1464 1176 1570 1218 aliis.

193 1265 359 1308 Datum
379 1281 455 1321 per
473 1280 650 1307 manum
671 1268 865 1308 nostrum
885 1267 1000 1321 apud
1023 1265 1487 1309 WESTMONASTERIUM
1506 1267 1703 1309 vicesimo
1734 1268 1802 1309 die
1832 1268 1862 1310 J
1864 1268 1942 1310 ulii
1972 1248 2083 1311 anno

132 1357 258 1413 regni
277 1357 411 1399 nostri
431 1355 616 1398 ANGLIE
637 1356 848 1399 tricesimo
868 1357 997 1399 tercio
1017 1357 1141 1413 regni
1163 1373 1259 1400 vero
1280 1358 1414 1400 nostri
1436 1358 1670 1400 FFRANCOE
1692 1359 1900 1401 vicesimo.

195 1448 280 1490 Pro
300 1448 458 1504 viginti
480 1448 624 1490 solidis
645 1448 793 1490 solutis
813 1448 859 1490 in
881 1448 1145 1505 Hanaperio.

194 1538 475 1595 Photograph
493 1539 541 1580 in
567 1539 734 1593 Osco-diff
755 1540 945 1591 Recorcls,
968 1539 1066 1583 Vol.
1090 1539 1143 1592 Ῑ.,
1165 1555 1205 1596 p.
1230 1541 1299 1582 28.

658 1630 704 1667 (l)
728 1628 862 1667 Kerdyk
878 1629 911 1658 in
927 1630 981 1659 the
997 1630 1134 1667 charact,
1150 1630 1272 1660 altered
1291 1631 1333 1669 by
1349 1640 1368 1660 a
1383 1631 1466 1661 later
1481 1631 1576 1660 hand.

996 1835 1236 1878 MXXIH.

134 1942 353 1986 eRANT
422 1941 510 1985 BY
580 1941 871 1985 RIOHARD
960 1942 1262 1996 semime,
1354 1944 1432 1987 OF
1521 1944 1630 1987 His
1688 1944 1945 1988 MANORS
2011 1944 2089 1988 or

282 2033 869 2077 soURLAeiscAsTEL
923 2034 1058 2077 AND
1114 2034 1352 2086 BURRY,
1408 2035 1553 2088 Ero„
1608 2035 1684 2078 To
1737 2036 1930 2093 JOHN,
1959 2035 2094 2078 DoU

282 2125 416 2168 ΛΝΒ
468 2124 726 2168 THOMAs
766 2125 1106 2178 EXCESTRE,
1149 2126 1524 2170 OHAPLAPNS.
1926 2095 1927 2098 ¹

861 2233 1093 2290 [MARGAM
1126 2235 1379 2290 CHARTER]

1252 2343 1304 2384 21
1340 2342 1440 2385 Oc'r.
1503 2344 1557 2385 35
1589 2343 1716 2386 Enw.
1750 2342 1840 2385 III.
1905 2344 2029 2385 1361.

193 2448 339 2491 Sciant
360 2451 574 2504 presentes
595 2451 637 2490 et
657 2448 794 2490 futuri
815 2449 929 2504 quod
950 2464 1029 2505 ego
1060 2449 1294 2492 R1cARDUS
1324 2449 1561 2492 SCURLAGE
1592 2451 1691 2492 dedi
1722 2450 1902 2492 concessi
1933 2453 1975 2492 et
2006 2450 2085 2492 hac

135 2539 322 2596 presenti
355 2542 469 2580 carta
502 2553 598 2581 mea
630 2539 876 2581 confirmavi
908 2539 1118 2582 JOHANNI
1155 2540 1255 2583 Don
1297 2544 1339 2584 et
1381 2541 1547 2584 ΤΗοΜΕ
1588 2542 1822 2584 EXCESTRE
1856 2541 2087 2596 capellanis

135 2630 327 2672 maneria
359 2644 453 2671 mea
489 2629 540 2671 de
574 2629 982 2673 SCURLAGISOASTEL
1016 2635 1057 2673 et
1094 2631 1259 2674 BURRY
1287 2648 1384 2674 cum
1418 2632 1673 2675 molendinis
1713 2631 1846 2674 boscis
1879 2633 2011 2687 pratis
2046 2634 2090 2674 et

138 2720 334 2763 omnibus
354 2720 448 2762 aliis
469 2720 554 2762 suis
574 2721 844 2777 pertinentiis
865 2755 874 2764 .
898 2721 1012 2764 Dedi
1034 2723 1163 2764 etiam
1185 2726 1227 2765 et
1248 2724 1428 2766 concessi
1456 2724 1613 2766 eisdem
1632 2723 1662 2765 J
1665 2737 1842 2765 OHANNI
1858 2725 1900 2765 et
1921 2722 2088 2764 ΤΗΟΜΕ

137 2811 281 2854 omnia
300 2811 538 2868 messuagia
561 2814 695 2854 terras
720 2815 966 2856 tenementa
993 2814 1240 2856 molendina
1270 2817 1394 2870 prata
1421 2830 1573 2870 gravas
1599 2829 1805 2856 marescos
1829 2816 2022 2869 pasturas
2046 2817 2088 2856 et

136 2905 256 2945 vasta
295 2917 392 2945 cum
431 2901 627 2945 omnibus
668 2903 753 2945 suis
792 2904 1062 2959 pertinentiis
1092 2919 1174 2960 que
1200 2904 1332 2947 habui
1360 2908 1402 2947 et
1433 2905 1554 2947 tenui
1585 2905 1699 2961 apud
1731 2903 2019 2946 LANREDYAN
2044 2906 2087 2946 et

138 2991 466 3035 THOREUDREF'
486 2992 532 3034 in
553 2992 678 3035 feodo
699 2994 751 3035 de
773 2993 1025 3037 LANDIMOR
1048 3028 1056 3037 .
1079 2995 1195 3038 Dedi
1220 2996 1349 3038 etiam
1370 2999 1412 3038 et
1433 2996 1614 3038 concessi
1634 2996 1792 3038 eisdem
1812 2995 1842 3038 J
1844 3009 2021 3037 OHANNI
2043 2998 2086 3038 et

363 3133 431 3167 70
