2386 3645
1995 294 2106 337 1425

153 492 378 535 hundreda
397 492 512 535 villae
532 495 689 535 nostrae
709 493 925 548 praedictae
948 508 958 535 :
981 493 1167 550 exceptis
1187 494 1511 550 proditionibus,
1533 497 1700 553 placitis
1720 513 1882 543 coronae
1913 502 1956 544 et
1979 503 2104 544 terrae

153 582 476 636 reversionibus,
526 582 786 639 judiciorum
835 597 1105 625 erroneorum
1147 583 1495 637 consideratione,
1537 588 1930 642 conspirationibus,
1963 590 2104 634 cham-

152 673 313 730 pertiis,
364 673 661 726 ambidextria,
711 673 826 729 prisa
874 674 1126 716 victualium
1175 675 1386 718 artificum
1436 680 1479 719 et
1526 676 1844 732 laborariorum,
1892 679 2014 724 nobis
2062 684 2106 725 et

153 763 383 807 heredibus
442 764 610 817 nostris
671 765 1004 820 quotiescunque
1062 779 1228 808 necesse
1286 765 1419 808 fuerit
1477 769 1520 809 et
1578 767 1775 810 omnibus
1833 769 1926 813 aliis
1982 770 2107 814 rebus

157 855 482 911 quibuscunque
540 869 618 898 nos
676 855 851 897 heredes
903 855 1132 898 servientes
1192 871 1265 898 seu
1323 855 1556 899 familiares
1609 860 1775 900 nostros
1831 859 2108 915 tangentibus

155 946 352 989 similiter
402 946 600 1002 exceptis.
661 945 723 989 Et
768 947 882 1002 quod
923 946 1054 989 iidem
1096 946 1329 1004 burgenses
1359 951 1401 991 et
1444 963 1590 992 eorum
1629 963 1883 992 successores
1911 965 1988 1006 pro
2014 951 2109 994 visu

155 1036 449 1092 utlagatorum
489 1036 535 1079 in
574 1036 799 1079 hundredo
838 1037 1029 1093 predicto
1068 1037 1190 1080 triari
1229 1041 1271 1081 et
1313 1039 1533 1081 terminari
1571 1042 1743 1095 possent
1782 1042 1825 1081 et
1864 1055 1951 1082 non
1991 1040 2105 1083 alibi.

153 1126 214 1169 Et
235 1127 350 1183 quod
369 1127 502 1170 iidem
521 1127 754 1183 burgenses
787 1128 921 1171 nostri
953 1143 1031 1171 nec
1066 1144 1214 1172 eorum
1250 1144 1503 1173 successores
1535 1145 1612 1186 pro
1646 1129 1775 1173 viridi
1811 1131 2104 1186 amputatione

151 1232 229 1260 nec
268 1232 345 1274 pro
380 1218 475 1260 aliis
511 1218 818 1262 offensionibus
852 1234 927 1262 seu
966 1220 1371 1277 transgressionibus
1407 1220 1729 1277 quibuscunque
1773 1221 1975 1277 (exceptis
2016 1236 2107 1277 pre-

153 1309 358 1365 exceptis)
374 1309 518 1365 aliquo
533 1311 658 1352 modo
673 1311 728 1352 ad
741 1324 946 1367 magnam
959 1311 1120 1354 curiam
1135 1315 1324 1354 nostram
1340 1311 1628 1355 attachientur
1642 1312 1725 1354 nisi
1741 1327 1837 1355 cum
1851 1327 2109 1368 manuopere

150 1404 323 1443 tantum
363 1401 475 1457 capti
515 1400 678 1443 fuerint
714 1404 756 1444 et
791 1402 826 1444 si
862 1402 1085 1459 contingat
1126 1403 1291 1458 aliquos
1325 1418 1472 1446 eorum
1505 1403 1599 1460 capi
1634 1418 1708 1446 seu
1740 1403 1965 1447 attachiari
2005 1418 2103 1447 cum

150 1506 410 1548 manuopere
432 1493 546 1548 quod
566 1494 669 1535 tunc
689 1492 910 1548 inquisitio
932 1508 1057 1549 super
1074 1508 1143 1536 eos
1163 1494 1219 1537 sit
1239 1497 1363 1550 capta
1391 1494 1597 1550 equaliter
1624 1497 1715 1537 tam
1749 1510 1824 1551 per
1858 1495 2108 1538 intrinsecos

148 1583 342 1640 ejusdem
361 1582 477 1626 villae
499 1597 629 1639 quam
647 1598 723 1639 per
744 1587 979 1627 extraneos.
1042 1584 1103 1627 Et
1135 1586 1414 1628 concessimus
1445 1586 1559 1641 quod
1584 1600 1730 1628 omnes
1760 1585 1834 1642 qui
1866 1586 1967 1629 inde
2004 1600 2100 1629 con-

152 1674 257 1718 victi
277 1674 441 1717 fuerint
461 1676 666 1717 taxentur
686 1690 760 1731 per
781 1675 1143 1719 constabularium
1164 1676 1290 1719 castri
1310 1679 1353 1719 et
1372 1677 1636 1733 prepositum
1655 1677 1783 1720 villae.

210 1765 502 1809 Ooncessimus
522 1765 652 1808 etiam
671 1766 873 1822 predictis
892 1766 1177 1824 burgensibus
1197 1770 1240 1810 et
1271 1782 1417 1811 eorum
1447 1767 1751 1811 successoribus
1780 1768 1948 1810 firmam
1978 1768 2106 1811 curiae

150 1860 194 1901 et
234 1857 469 1899 hundredae
510 1856 704 1913 ejusdem
745 1858 874 1901 villae.
938 1858 1176 1902 Reddendo
1216 1860 1318 1902 inde
1358 1859 1582 1902 annuatim
1621 1858 1744 1902 nobis
1782 1862 1826 1902 et
1864 1858 2107 1903 haeredibus

140 1948 307 1991 nostris
329 1981 338 1990 .
363 1981 372 1990 .
399 1982 407 1990 .
434 1982 442 1990 .
467 1948 771 2005 sterlingorum
801 1964 878 2006 per
909 1965 1062 1993 manus
1094 1950 1295 2007 prepositi
1328 1950 1432 1993 dicti
1463 1950 1591 2007 burgi
1623 1951 1678 1992 ad
1713 1950 1916 1993 terminos
1950 1950 2103 1994 hocke-

146 2040 256 2095 daye
277 2042 320 2081 et
347 2037 493 2081 Sancti
524 2037 747 2081 Michaelis
777 2054 852 2095 per
882 2041 1052 2096 equales
1081 2041 1295 2096 portiones
1328 2044 1370 2083 et
1401 2040 1732 2097 quotiescunque
1761 2040 1875 2083 dicta
1909 2041 2025 2083 ouria
2058 2043 2102 2084 et

146 2130 420 2173 hundredum
441 2129 686 2172 excederint
702 2131 860 2174 dictam
882 2146 1093 2174 summam
1113 2133 1228 2188 quod
1247 2132 1337 2188 ipse
1358 2131 1583 2174 annuatim
1604 2131 1770 2174 onerari
1790 2132 1892 2174 inde
1912 2131 2098 2175 debeant

147 2236 292 2264 versus
312 2235 388 2262 nos
417 2223 459 2262 et
486 2219 662 2263 heredes
693 2224 858 2264 nostros
885 2224 975 2264 tam
1010 2223 1063 2265 de
1088 2237 1260 2266 excessu
1295 2222 1497 2279 praedicto
1523 2237 1652 2278 quam
1687 2223 1740 2265 de
1770 2223 1937 2265 summa
1967 2222 2100 2265 firmae

147 2312 348 2368 predictae
384 2313 427 2353 et
466 2310 581 2366 quod
612 2311 742 2354 iidem
775 2311 1007 2368 burgenses
1042 2316 1085 2356 et
1112 2328 1258 2356 eorum
1292 2328 1544 2356 successores
1578 2312 1710 2356 libere
1743 2312 1898 2356 habere
1932 2315 2103 2368 possent

146 2403 391 2447 omnimoda
412 2402 554 2444 averia
573 2417 650 2445 sua
669 2402 785 2446 infra
805 2404 1045 2447 dominium
1065 2408 1258 2447 nostrum
1279 2406 1332 2448 de
1353 2404 1560 2448 NEATH's
1581 2404 1716 2447 LAND
1737 2403 1895 2460 absque
1926 2404 2098 2446 redditu

145 2495 214 2538 vel
234 2497 407 2537 extenta
427 2492 549 2536 nobis
569 2507 644 2535 seu
664 2493 890 2537 heredibus
910 2495 1066 2538 nostris
1085 2496 1186 2538 inde
1216 2496 1447 2539 reddendo.
1508 2495 1569 2538 Et
1601 2495 1797 2538 similiter
1829 2495 1944 2551 quod
1977 2495 2098 2538 triari

146 2586 335 2643 poterint
354 2585 407 2627 de
428 2586 540 2627 secta
569 2584 827 2627 molendinae
860 2619 868 2627 .
895 2619 903 2627 .
929 2618 939 2628 .
970 2585 1017 2628 in
1045 2585 1269 2629 hundredo
1288 2586 1505 2642 praedicto,
1528 2586 1728 2629 solvendo
1752 2585 1874 2628 nobis
1905 2588 1949 2628 et
1979 2585 2097 2628 here-

141 2677 269 2720 dibus
289 2674 443 2718 nostris
462 2675 674 2717 tolnetum
694 2689 747 2717 ex
767 2675 945 2732 antiquo
966 2676 1160 2720 debitum
1182 2680 1224 2720 et
1246 2681 1507 2721 consuetum.

202 2765 494 2811 Concessimus
513 2764 688 2807 insimul
709 2765 887 2821 prefatis
907 2766 1190 2823 burgensibus
1210 2771 1253 2810 et
1275 2782 1421 2810 eorum
1441 2766 1744 2810 successoribus
1766 2767 1880 2822 quod
1905 2765 2091 2809 habeant

144 2857 360 2902 nundinas
378 2856 425 2898 in
446 2869 592 2898 eorum
611 2854 750 2912 burgo
769 2855 1021 2912 incipientes
1051 2857 1097 2900 in
1118 2858 1268 2915 vigilia
1287 2858 1388 2901 festi
1409 2857 1592 2914 corporis
1613 2855 1801 2899 CHRISTI
1832 2871 1928 2899 cum
1958 2856 2094 2900 tribus

145 2947 293 2991 diebus
314 2944 600 3001 sequentibus.
662 2945 723 2988 Et
745 2947 858 3001 quod
886 2961 1032 2990 omnes
1064 2947 1257 2991 homines
1289 2948 1363 3005 qui
1390 2948 1564 2990 venient
1595 2948 1651 2990 ad
1682 2947 1850 2989 easdem
1877 2946 2092 2989 nundinas

138 3038 264 3082 liberi
284 3037 370 3080 sint
389 3036 445 3078 ad
464 3036 692 3078 emendum
707 3038 756 3100 ¹et
776 3038 1049 3080 vendendum
1071 3038 1228 3094 absque
1256 3039 1399 3094 aliquo
1420 3038 1582 3081 tolneto
1613 3037 1825 3080 solvendo.
1892 3036 1953 3079 Et
1980 3037 2093 3093 quod

346 3175 426 3211 81)
