2386 3645
1963 286 2070 328 1591

278 484 309 527 J
311 499 535 528 OHANNEM
556 501 610 542 ap
632 485 724 528 RES
756 464 860 528 tunc
889 485 1086 528 abbatem
1117 487 1169 528 de
1199 486 1372 529 KYMER
1401 488 1547 530 ordine
1579 489 1887 533 CISTERCIENSI
1918 491 2135 534 observato

278 574 437 618 ibidem
457 575 699 618 installatus
720 576 1059 631 eleccionemque
1081 577 1339 619 creacionem
1360 580 1403 620 et
1431 578 1767 623 installacionem
1797 581 2043 637 hujusmodi
2062 597 2137 638 per

278 667 483 721 quosdam
514 667 645 710 eciam
677 666 708 710 J
710 680 937 708 OHANNEM
971 666 1169 709 abbatem
1199 668 1251 709 de
1290 667 1504 710 BILDWAs
1536 671 1578 711 et
1608 668 1813 712 ΤΗΟΜΑΜ
1851 671 2047 714 abbatem
2083 673 2135 714 de

278 755 480 799 MORGAN
501 757 604 799 dicti
625 757 785 799 ordinis
806 756 1140 799 GISTERCIENSIS
1161 757 1399 800 visitatores
1411 761 1460 801 ut
1472 759 1672 801 asseritur
1687 760 1856 802 realiter
1869 762 2138 804 confirmatus

278 847 486 890 extitisset
524 862 689 890 necnon
726 847 1032 904 possessionem
1070 847 1263 904 ejusdem
1298 848 1467 892 abbatie
1502 864 1599 892 cum
1640 850 1726 892 suis
1764 850 1931 907 juribus
1965 854 2007 894 et
2044 867 2138 908 per-

276 937 474 982 tinenciis
502 939 710 982 universis
741 954 817 995 per
846 938 1068 981 biennium
1099 943 1142 982 et
1171 941 1285 982 ultra
1314 939 1471 996 absque
1500 941 1590 984 ulla
1620 940 1932 998 interrupcione
1961 944 2139 999 adeptus

277 1029 428 1071 fuisset
468 1029 639 1085 pacifice
680 1033 723 1072 et
763 1029 905 1085 quiete
939 1064 947 1072 .
988 1030 1180 1085 prefatus
1218 1033 1364 1073 tamen
1402 1030 1432 1074 J
1435 1045 1644 1074 OHANNEs
1676 1047 1730 1088 ap
1761 1031 1853 1075 RES
1892 1033 2139 1077 machinans

279 1119 441 1162 dictum
500 1119 803 1164 WILLELMUM
864 1120 1024 1163 MORYs
1075 1136 1101 1163 a
1159 1122 1415 1177 possessione
1476 1137 1552 1165 sua
1609 1122 1777 1166 abbatie
1836 1139 1909 1166 sue
1957 1124 2141 1180 predicte

278 1210 454 1253 subdole
503 1211 714 1267 expellere
766 1215 809 1254 et
853 1226 1059 1264 amovere,
1105 1213 1321 1267 quandam
1362 1213 1679 1269 suggestionem
1722 1217 1772 1257 ut
1810 1214 1964 1257 dicitur
2001 1215 2144 1258 minus

279 1316 423 1344 veram
461 1301 584 1345 nobis
632 1303 811 1358 protulit
860 1302 938 1345 sub
989 1302 1066 1345 hac
1114 1303 1265 1355 forma,
1316 1304 1431 1359 quod
1474 1304 1573 1347 licet
1622 1304 1737 1347 idem
1786 1304 1816 1347 J
1818 1319 2027 1347 OHANNEs
2069 1321 2142 1361 per

279 1392 589 1448 deposicionem
618 1393 775 1449 prefati
809 1392 1059 1436 WILLELMI
1094 1393 1253 1436 MoRYs
1284 1409 1420 1450 nuper
1447 1393 1612 1437 abbatis
1648 1396 1700 1437 de
1733 1395 1908 1439 STRATA
1935 1396 2142 1438 FLORIDA

281 1483 328 1526 in
349 1483 545 1526 abbatem
566 1484 648 1527 loci
667 1484 784 1526 illius
803 1485 884 1526 rite
905 1488 948 1527 et
963 1485 1160 1528 canonice
1181 1486 1324 1527 extitit
1340 1486 1496 1528 electus
1516 1489 1678 1528 creatus
1702 1489 1744 1528 et
1763 1487 2017 1538 installatus,
2035 1490 2077 1529 et
2097 1487 2142 1529 in

282 1576 438 1619 realem
453 1576 756 1631 possessionem
777 1575 970 1632 ejusdem
990 1576 1190 1618 inductus
1210 1577 1371 1618 dictum
1391 1579 1536 1619 tamen
1553 1577 1853 1621 WILLELMUM
1870 1577 2030 1620 Mons
2050 1582 2144 1634 post

283 1665 532 1722 hujusmodi
566 1667 877 1722 deposicionem
925 1670 1165 1723 pretensam
1205 1667 1419 1710 abbatiam
1458 1668 1577 1710 illam
1626 1668 1787 1724 injuste
1836 1684 2054 1725 occupasse
2096 1684 2143 1712 ac

280 1757 488 1799 nonnulla
520 1758 706 1813 dampna
738 1760 781 1800 et
813 1758 1068 1800 detrimenta
1098 1758 1236 1800 eidem
1266 1757 1433 1801 abbatie
1461 1758 1639 1800 asseruit
1659 1762 1930 1814 perpetrasse,
1952 1760 1998 1801 in
2018 1760 2151 1815 ipsius

280 1847 448 1890 abbatie
469 1849 739 1904 dispendium
770 1864 857 1891 non
886 1849 1101 1892 modicum
1129 1853 1171 1891 et
1201 1864 1443 1905 gravamen.
1506 1848 1642 1904 Super
1662 1865 1746 1905 qua
1766 1850 1939 1905 quidem
1967 1865 2140 1906 sugges-

280 1939 396 1981 tione
417 1940 519 1982 dicti
540 1940 569 1982 J
572 1954 771 1982 oHANle
792 1955 845 1995 ap
868 1940 961 1982 RES
982 1941 1198 1996 supposita
1220 1940 1309 1983 fore
1340 1955 1451 1992 vera,
1483 1955 1560 1982 nos
1579 1941 1626 1982 in
1646 1940 1836 1983 favorem
1859 1942 2141 1997 suggestionis

280 2030 529 2087 hujusmodi
562 2034 603 2073 et
639 2031 875 2087 specialiter
914 2031 960 2073 in
1000 2031 1326 2074 subvencionem
1362 2030 1529 2073 abbatie
1569 2031 1755 2086 predicte
1796 2032 1940 2073 literas
1978 2034 2141 2074 nostras

282 2125 474 2177 patentes
495 2123 617 2164 certis
638 2123 825 2178 personis
845 2123 891 2164 in
913 2123 1071 2165 eisdem
1088 2122 1333 2178 specificatis
1357 2122 1590 2164 direximus
1609 2122 1818 2173 tintorias,
1840 2122 2140 2178 abbaciamque

281 2212 400 2254 illam
449 2212 526 2255 sub
571 2214 834 2268 proteccione
875 2213 1060 2256 tuicione
1102 2216 1143 2255 et
1178 2213 1422 2255 defensione
1459 2213 1613 2255 nostris
1653 2213 1810 2255 eisdem
1849 2213 2036 2268 personis
2084 2214 2139 2255 ad

280 2306 448 2359 tempus
507 2304 792 2346 commisimus
838 2305 1124 2347 conservanda
1173 2318 1353 2359 quarum
1403 2303 1576 2359 quidem
1628 2303 1847 2345 literarum
1897 2307 2138 2345 nostrarum

279 2394 425 2450 vigore
469 2394 683 2450 predictus
726 2395 756 2438 J
759 2409 967 2437 oHANNEs
1005 2410 1058 2450 ap
1104 2394 1196 2436 RES
1236 2394 1481 2450 aggregatis
1519 2393 1598 2436 sibi
1641 2394 1964 2449 quampluribus
2007 2394 2136 2436 male-

279 2484 510 2527 factoribus
549 2489 592 2528 et
630 2486 744 2541 pacis
784 2489 925 2528 nostre
964 2484 1329 2542 perturbatoribus
1368 2484 1584 2527 abbatiam
1624 2486 1676 2527 de
1717 2484 1892 2528 STRATA
1932 2484 2136 2526 FLORIDA

278 2576 511 2631 predictam
532 2591 628 2619 cum
653 2592 739 2619 non
759 2577 925 2619 modica
956 2578 1153 2632 potencia
1186 2591 1272 2618 non
1299 2591 1323 2617 a
1344 2575 1420 2617 diu
1452 2578 1515 2617 est
1544 2575 1753 2617 violenter
1783 2575 1960 2617 intravit
1990 2577 2135 2617 contra

275 2680 422 2721 pacem
442 2669 630 2709 nostram
650 2667 869 2723 ipsamque
900 2666 1115 2709 abbatiam
1146 2667 1197 2707 de
1229 2666 1351 2708 bonis
1382 2665 1508 2708 rebus
1542 2667 1585 2707 et
1616 2665 1822 2721 jocalibus
1854 2665 1938 2707 suis
1972 2666 2130 2706 adtunc

278 2756 436 2799 ibidem
467 2757 663 2812 spoliavit
693 2773 740 2799 ac
770 2757 984 2813 prefatum
1005 2757 1303 2801 WILLELMUM
1324 2756 1486 2799 MORYs
1516 2771 1679 2798 necnon
1713 2756 1918 2811 quosdam
1950 2769 2130 2798 commo-

277 2847 433 2890 nachos
463 2863 558 2890 suos
585 2847 638 2890 ab
674 2849 822 2890 eadem
853 2848 1012 2890 nedum
1048 2847 1213 2902 expulit
1246 2849 1289 2889 et
1321 2846 1459 2902 ejecit,
1489 2846 1770 2888 verumeciam
1802 2846 1856 2887 ad
1877 2848 2059 2887 castrum
2080 2846 2133 2887 de

273 2937 553 2981 ABRUSTUTH
572 2937 734 2980 ibidem
753 2938 1092 2993 imprisonandos
1114 2937 1211 2979 duci
1232 2936 1334 2979 fecit
1355 2939 1397 2978 et
1417 2936 1575 2979 ibidem
1595 2935 1698 2978 diris
1720 2935 1950 2978 carceribus
1973 2936 2131 2978 manci-

276 3031 397 3084 patos
416 3028 628 3071 maliciose
649 3028 849 3071 custodiri
869 3028 1123 3084 procuravit,
1145 3042 1363 3083 quousque
1382 3026 1555 3083 justicia
1576 3027 1779 3068 suadente
1813 3041 1889 3082 per
1920 3027 2133 3081 quendam
