2386 3645
1894 273 2003 315 1211

115 477 201 519 mei
227 491 277 518 ac
305 475 510 532 assignati
543 474 783 532 predictum
813 475 1102 531 messuagium
1137 478 1181 518 et
1213 478 1371 517 terram
1404 476 1638 531 predictam
1669 491 1764 519 cum
1791 478 2062 532 pertinenciis

115 566 281 623 prefato
321 566 492 609 domino
533 565 747 608 ROBERTo
787 566 840 607 de
880 565 1063 608 PENRES
1103 568 1146 608 et
1185 564 1406 607 ISABELLE
1448 567 1500 608 de
1539 565 1816 609 STAKEPOLL'
1853 567 1882 610 J
1884 582 2061 610 OHANNI

114 658 168 700 de
194 656 376 699 PENmzs
404 656 610 699 RmAnno
631 657 685 698 de
715 656 898 699 Pmmzs
919 659 962 699 et
987 655 1018 699 J
1020 670 1197 698 OHANNI
1225 657 1278 698 de
1308 655 1490 698 PENRES
1517 658 1560 698 et
1583 656 1809 699 heredibus
1837 672 1981 700 eorum
2009 659 2061 701 de

113 746 356 802 corporibus
390 746 477 789 suis
515 746 707 803 legitime
745 746 974 802 procreatis
1012 746 1060 788 in
1101 745 1239 788 forma
1273 746 1463 802 predicta
1497 748 1644 788 contra
1683 761 1826 788 omnes
1862 747 2061 790 mortales

111 837 482 880 warantizabimus
505 836 841 894 acquietabimus
875 840 920 880 et
957 837 1273 893 imperpetuum
1313 836 1602 879 defendemus,
1663 836 1724 879 Et
1759 838 1814 879 ad
1852 837 2060 893 majorem

111 928 380 971 securitatem
414 928 656 971 habendam
688 927 832 985 obligo
865 943 1010 971 meum
1041 927 1302 984 burgagium
1334 929 1449 983 quod
1477 927 1591 983 jacet
1622 927 1735 970 inter
1766 930 2060 971 tenementum

110 1018 361 1063 WILLELMI
383 1019 538 1062 From*
558 1019 742 1076 junioris
761 1020 807 1062 in
835 1022 955 1076 parte
974 1018 1127 1062 boriali
1147 1021 1190 1061 et
1213 1021 1506 1061 tenementum
1532 1018 1783 1062 WILLELMI
1806 1018 1990 1062 an
2011 1019 2058 1062 in

108 1113 230 1167 parte
258 1111 436 1153 australi
465 1112 508 1153 et
538 1125 612 1153 sex
632 1125 749 1153 acras
777 1113 888 1153 terre
917 1125 1009 1153 mee
1036 1110 1225 1166 jacentes
1245 1111 1360 1166 apud
1380 1110 1725 1153 SUTTERISFOSSE
1746 1110 1792 1152 in
1812 1108 1987 1152 baronia
2007 1110 2060 1152 de

109 1194 510 1244 LANDESTEPHAN'.
572 1201 629 1244 In
651 1201 774 1258 cujus
793 1202 855 1244 rei
874 1201 1167 1245 testimonium
1187 1200 1452 1257 presentibus
1481 1201 1672 1257 sigillum
1695 1215 1840 1243 meum
1869 1201 2057 1257 apposui.

110 1292 172 1336 Et
191 1293 292 1349 quia
312 1293 506 1350 sigillum
536 1308 681 1335 meum
707 1292 902 1349 pluribus
929 1296 994 1335 est
1022 1292 1291 1349 incognitum
1315 1292 1506 1349 sigillum
1522 1291 1773 1336 WILLELm
1794 1291 1996 1334 SYMOND'
2018 1294 2062 1334 et

109 1384 302 1441 sigillum
317 1383 347 1427 J
349 1399 551 1427 OHANNIS
567 1383 770 1427 Smoim‘
789 1385 947 1441 apponi
960 1385 1193 1440 procuravi.
1246 1383 1349 1426 Hiis
1360 1383 1540 1427 testibus
1562 1416 1569 1425 .
1590 1383 1823 1427 WALTERO
1840 1382 2056 1426 SYMOND'.

102 1474 328 1518 JOHANNE
344 1474 547 1518 Smonn’
565 1509 573 1518 .
592 1475 622 1519 J
625 1489 814 1518 OHANNE
826 1474 1016 1533 AD[AM]
1037 1509 1044 1518 .
1063 1475 1093 1518 J
1095 1489 1282 1517 OHANNE
1300 1474 1513 1517 TEYLLON
1529 1508 1537 1517 .
1555 1474 1585 1518 J
1587 1488 1775 1516 OHANNE
1792 1473 2033 1516 PETERTON
2050 1506 2059 1516 .

108 1568 153 1609 et
170 1565 319 1609 multis
338 1566 445 1609 aliis.

165 1655 331 1700 Datum
366 1658 483 1714 apud
523 1657 908 1701 LANDESTEPHArz’
960 1658 1029 1700 die
1069 1657 1224 1701 Martis
1271 1657 1465 1713 proximo
1515 1660 1614 1699 ante
1653 1657 1827 1699 ffestum
1869 1656 2061 1698 omnium

104 1750 347 1791 sanctorum
366 1748 499 1792 Anno
519 1764 552 1792 r.
576 1748 631 1792 R.
657 1749 884 1792 EDWARDI
906 1749 1026 1792 tercii
1046 1751 1142 1805 post
1163 1752 1440 1804 conquestum
1460 1748 1635 1791 decimo.

651 1840 745 1870 From
763 1840 821 1870 No.
839 1841 895 1870 324
911 1840 1059 1878 Margam
1075 1840 1181 1878 deeds,
1197 1840 1261 1869 and
1276 1850 1293 1869 a
1311 1840 1446 1869 Charter
1460 1839 1530 1869 roll.

885 2226 1277 2271 DOOOOLXVII.

100 2335 318 2379 GRANT
349 2335 436 2378 BY
466 2335 670 2379 JEVAN
705 2335 788 2378 ΑΡ
828 2335 1033 2379 DAVID
1065 2334 1355 2379 WAGHAN
1384 2334 1467 2377 ΑΡ
1498 2334 1703 2379 DAVID
1733 2334 1816 2377 ΑΡ
1846 2335 2053 2379 ENEAS

247 2426 324 2470 ΤΟ
379 2426 482 2470 SIR
541 2426 794 2470 ROBERT
847 2427 933 2470 DE
991 2426 1236 2469 PENRES
1292 2426 1370 2469 OF
1425 2426 1470 2469 A
1525 2426 1859 2469 MESSUAGE
1916 2427 2052 2470 AND

244 2518 420 2562 LAND
472 2517 545 2561 IN
594 2517 850 2563 KELVEI.

817 2626 1048 2683 [MARGAM
1080 2625 1337 2683 CHARTER]

1257 2735 1284 2776 7
1305 2733 1418 2776 Nov.
1483 2735 1533 2775 11
1558 2732 1686 2775 Enw.
1710 2731 1801 2774 IH.
1867 2733 1991 2776 1337.

156 2841 302 2885 Sciant
331 2857 372 2897 p.
402 2846 456 2885 et.
487 2842 518 2884 f.
549 2857 589 2898 q.
620 2857 655 2885 e.
682 2842 712 2885 J
715 2856 836 2884 EVAN
857 2857 911 2898 ap
939 2841 1095 2884 DAvm
1125 2841 1346 2885 WAGHAN
1370 2855 1423 2897 ap
1448 2840 1604 2883 DAvn)
1625 2854 1678 2895 ap
1700 2839 1855 2881 ENEAS
1883 2840 1923 2882 d.
1951 2855 1985 2883 c.
2008 2843 2050 2883 et

94 2933 175 2975 hac
204 2948 244 2990 p.
278 2948 310 2976 c.
344 2948 400 2976 m.
435 2933 682 2976 confirmavi
712 2933 886 2976 domino
915 2932 1132 2975 Bon-emo
1152 2933 1204 2974 de
1226 2932 1409 2974 PENRES
1439 2931 1568 2973 militi
1596 2933 1638 2972 et
1662 2929 1888 2973 heredibus
1912 2930 2046 2987 sui[s]

96 3024 163 3066 vel
185 3023 411 3080 assignatis
430 3038 568 3066 unum
588 3023 878 3080 messuagium
898 3026 983 3066 tres
1004 3038 1120 3066 acras
1140 3025 1250 3065 terre
1272 3022 1465 3065 ari-abilis
1485 3024 1645 3077 septem
1671 3036 1787 3063 acras
1807 3020 1920 3064 bosci
1934 3036 2051 3064 more
