2386 3645
1886 251 1996 293 1319

980 481 1188 525 MXXX.

114 588 597 632 OONFIRMATION
627 588 716 632 BY
744 588 943 642 ADAM,
975 588 1205 632 BISHOP
1236 590 1315 633 OF
1345 590 1427 635 ST.
1460 591 1726 647 DAVTD’S,
1757 596 1890 640 AND
1921 598 2052 642 THE

259 680 568 730 OHAPTER,
600 679 679 722 OF
708 679 753 722 A
784 679 1000 724 GRANT
1031 680 1120 724 BY
1149 680 1281 724 THE
1316 681 1524 726 ABBOT
1560 684 1639 727 OF
1674 685 1756 729 ST.
1788 686 2053 743 PETER'S,

259 770 679 823 GLOUOESTER‚
720 769 797 813 TO
838 769 922 813 ST.
965 771 1219 815 DAVID'S
1258 772 1585 827 HOSPITAL,
1620 775 1936 832 SWANSEA,
1977 780 2056 824 OF

257 860 388 904 THE
448 860 657 904 GLEBE
712 860 849 904 AND
909 861 1265 907 ADVOWSON
1323 863 1403 906 OF
1461 863 1592 907 THE
1653 865 1920 912 OHUROH
1978 870 2057 914 OF

258 951 745 1004 OYSTERMOUTH,
806 952 1077 996 SUBJEOT
1136 953 1213 997 TO
1271 954 1364 998 AN
1420 955 1721 1001 ANNUITY
1780 959 1859 1002 OF
1917 961 2056 1006 TWO

256 1042 474 1086 MARKS
525 1042 602 1085 TO
642 1042 930 1087 EWENNY
968 1043 1221 1098 PRIORY,
1263 1047 1303 1099 6,
1344 1047 1370 1088 9
1409 1046 1573 1101 AUG„
1615 1049 1740 1092 1367.

811 1150 1044 1208 [MARGAM
1084 1153 1342 1211 CHARTER]
1598 1157 1655 1199 20
1694 1157 1814 1201 AUG.
1877 1161 2001 1205 1367.

171 1258 398 1302 'Universis
438 1259 493 1301 ad
533 1273 638 1315 quos
675 1261 890 1315 presentes
928 1260 1071 1303 littere
1109 1261 1381 1317 pervenerint
1419 1262 1562 1306 ADAM
1603 1265 1876 1321 permissione
1917 1269 2064 1314 divina

111 1349 412 1393 MENEVENSIS
463 1350 681 1407 episcopus
732 1353 776 1393 et
830 1351 1023 1407 ejusdem
1073 1352 1156 1394 loci
1228 1353 1464 1409 capitulum
1534 1355 1715 1399 salutem
1772 1357 1818 1400 in
1877 1359 2064 1405 Domino

112 1442 430 1498 sempiternam.

175 1532 396 1576 Noveritis
416 1547 493 1575 nos
514 1533 744 1590 inspexisse
765 1534 972 1589 quasdam
991 1534 1156 1577 litteras
1175 1534 1419 1578 indentatas
1438 1535 1573 1579 factas
1592 1537 1704 1581 inter
1723 1540 1940 1596 religiosos
1955 1542 2066 1586 viros

114 1623 313 1667 abbatem
343 1626 387 1666 et
416 1626 674 1667 conventum
705 1624 853 1667 Sancti
884 1624 1028 1667 PETRI
1060 1625 1370 1669 GLOUCEsTmE
1392 1626 1749 1672 WYGORNIENSIS
1779 1631 1987 1676 dioceseos
2014 1650 2066 1677 ex

111 1719 232 1773 parte
261 1731 350 1758 una
380 1719 423 1758 et
453 1715 683 1758 discretum
714 1715 854 1758 virum
883 1716 1139 1773 magistrum
1169 1717 1199 1760 J
1201 1732 1427 1760 οΗΑΝΝΕΜ
1459 1719 1511 1761 de
1541 1718 1818 1764 SWEYNESEE
1848 1725 2065 1769 custodem

111 1806 436 1864 Hospitalitatis
465 1821 540 1849 seu
560 1807 711 1849 domus
731 1806 952 1863 hospitalis
972 1807 1087 1850 beati
1106 1808 1264 1850 DAvn)
1285 1809 1338 1851 de
1359 1807 1634 1853 SWEYNESEE
1655 1811 1954 1857 MENEVENSIS
1975 1815 2064 1858 dio-

112 1913 249 1942 ceseos
269 1900 312 1941 et
332 1898 526 1954 ejusdem
547 1898 629 1940 loci
649 1899 968 1954 concapellanos
989 1913 1042 1940 ex
1063 1899 1198 1941 altera
1217 1902 1409 1942 tenorem
1431 1901 1505 1956 qui
1525 1901 1716 1958 sequitur
1737 1904 2013 1949 continentes.

168 1988 382 2033 Noverint
410 1988 598 2031 universi
626 1991 842 2045 presentes
871 1989 1036 2032 litteras
1055 1990 1288 2046 inspecturi
1309 1992 1423 2046 quod
1443 1994 1562 2034 sexto
1589 1992 1658 2035 die
1688 1994 1843 2037 mensis
1872 1995 2065 2053 Augusti

112 2095 225 2124 anno
245 2080 370 2137 regni
389 2080 526 2137 Regis
546 2079 773 2122 EDWARDI
795 2080 912 2123 tertii
931 2083 1028 2136 post
1048 2084 1326 2137 conquestum
1356 2083 1681 2139 quadragesimo
1711 2085 1849 2140 primo
1880 2088 1922 2129 et
1952 2102 2064 2131 anno

112 2171 292 2214 Domini
323 2170 548 2213 millesimo
581 2185 664 2213 ccc.
699 2171 962 2228 sexagesimo
999 2172 1178 2228 septimo
1220 2173 1263 2227 (6
1299 2173 1433 2230 Aug„
1477 2175 1605 2230 1367>
1650 2208 1660 2217 .
1698 2175 1843 2219 habito
1878 2180 2064 2222 tractatu

107 2262 310 2319 requisito
342 2265 385 2304 et
414 2262 622 2318 solempni
652 2262 698 2304 in
728 2262 808 2305 hac
834 2265 955 2319 parte
988 2297 996 2306 .
1029 2264 1228 2306 convenit
1257 2264 1369 2307 inter
1400 2264 1618 2321 religiosos
1648 2266 1760 2309 viros
1789 2267 1987 2312 abbatem
2016 2273 2059 2314 et

112 2355 370 2396 conventum
397 2352 646 2396 monasterii
676 2352 824 2396 Sancti
856 2353 1000 2396 PETRI
1033 2353 1345 2397 GLOUCESTROE
1376 2371 1430 2398 ex
1458 2358 1580 2412 parte
1609 2372 1697 2399 una
1717 2359 1760 2400 et
1783 2361 2063 2403 reverendum

110 2444 251 2487 virum
270 2443 526 2500 magistrum
556 2442 586 2486 J
588 2457 814 2486 OHANNEM
835 2445 888 2486 de
909 2444 1187 2488 SWEYNESEE
1209 2446 1426 2489 custodem
1456 2445 1778 2503 Hospitalitatis
1808 2464 1882 2491 seu
1911 2451 2061 2494 domus

111 2535 332 2591 hospitalis
351 2534 466 2577 beati
486 2534 642 2577 DAvm
663 2536 716 2577 de
737 2534 1014 2578 SWEYNESEE
1035 2536 1222 2578 MENEv.
1246 2536 1352 2579 dioc.
1375 2552 1428 2579 ex
1447 2537 1593 2589 altera,
1609 2538 1805 2581 videlicet
1826 2541 1938 2594 quod
1959 2541 2062 2584 dicti

108 2625 238 2669 abbas
258 2628 302 2668 et
321 2629 552 2668 conventus
573 2626 769 2668 unanimi
790 2641 961 2669 assensu
982 2630 1025 2670 et
1045 2642 1251 2670 consensu
1271 2628 1504 2670 eorundem
1524 2632 1817 2671 concesserunt
1843 2631 2059 2675 donarunt

112 2719 156 2760 et
184 2732 259 2773 per
287 2720 504 2774 presentes
534 2718 841 2760 confirmarunt
870 2718 985 2761 dicto
1015 2718 1221 2775 magistro
1251 2718 1281 2761 J
1283 2733 1462 2761 OHANNI
1492 2719 1658 2761 custodi
1688 2722 1731 2762 et
1760 2722 2062 2766 successoribus

113 2808 200 2851 suis
217 2807 379 2850 ibidem
399 2808 596 2850 canonice
618 2807 881 2851 intrantibus
902 2823 1073 2851 omnem
1093 2808 1265 2865 glebam
1291 2809 1464 2852 illorum
1483 2809 1777 2865 religiosorum
1797 2811 1843 2853 in
1863 2813 2062 2867 parochia

112 2898 282 2941 ecclesie
313 2899 366 2940 de
402 2898 739 2941 OYSTREMOUTH
769 2899 815 2941 in
847 2898 1101 2942 GOUWERIA
1130 2914 1218 2941 una
1247 2914 1344 2942 cum
1373 2900 1650 2943 advocacione
1671 2901 1839 2943 ecclesie
1859 2903 2059 2957 predicte.

113 2989 380 3032 Habendum
400 2992 443 3032 et
462 2991 698 3033 tenendum
720 2990 878 3033 dictam
899 2989 1070 3047 glebam
1091 2991 1134 3032 et
1154 2989 1477 3032 advocacionem
1496 2991 1728 3046 predictam
1751 3007 1846 3034 cum
1867 2994 2064 3039 omnibus
