2386 3645
1958 286 2068 328 1489

1029 528 1274 573 MOXVII.

175 636 569 680 INSPEXIMUS
619 637 752 680 AND
811 636 1294 681 OONFIRMATION
1344 637 1431 680 BY
1474 637 1763 682 RICHARD
1804 640 1888 683 DE
1928 642 2122 686 BEAU-

321 728 555 781 OHAMP,
596 728 768 771 EARL
819 727 897 771 OF
937 728 1331 781 WOROESTER,
1393 729 1471 771 OF
1521 729 1651 772 THE
1705 730 2004 776 CHARTER
2045 734 2123 777 OF

319 819 578 862 THOMAS
610 819 692 862 LE
717 818 1084 862 DESPENSER
1116 819 1192 862 TO
1227 819 1357 862 THE
1390 820 1746 864 BURGESSES
1780 822 1858 865 OF
1885 823 2121 878 NEATH,

320 909 497 953 WITH
549 908 765 952 GRANT
816 909 894 952 OF
946 909 1255 953 FURTHER
1305 910 1698 955 PRIVILEGES.

907 1017 1162 1073 [FRANCIS’S
1192 1017 1398 1074 Num]

1363 1111 1384 1151 1
1419 1108 1543 1151 MAY.
1604 1110 1629 1150 9
1662 1109 1785 1152 HEN.
1820 1110 1874 1154 V.
1939 1113 2063 1154 1421.

231 1214 463 1257 RICARDus
483 1215 536 1256 de
564 1214 719 1257 BELLo
751 1215 908 1257 OAMPo
939 1230 1076 1258 comes
1107 1215 1356 1259 WIGORNIE
1383 1215 1603 1273 [dominus
1621 1217 1661 1259 le
1682 1217 1972 1275 DESPENSER]
1998 1223 2039 1262 et
2070 1221 2123 1263 de

172 1304 523 1347 ABERGAVENNY
545 1304 741 1348 omnibus
761 1305 959 1348 fidelibus
979 1307 1034 1348 ad
1055 1321 1158 1361 quos
1180 1321 1351 1362 presens
1371 1307 1575 1362 scriptum
1595 1308 1834 1363 pervenerit
1854 1309 2046 1352 salutem.

229 1394 501 1452 Inspeximus
537 1396 901 1439 confirmationem
951 1396 1118 1439 ΤΗΟΜΕ
1158 1398 1198 1440 16
1238 1398 1508 1440 DESPENSER
1547 1399 1710 1442 domini
1751 1399 2039 1443 GLAMORGAN
2080 1406 2122 1445 et

172 1486 375 1528 MORGAN
410 1487 544 1542 patris
577 1486 799 1529 ISABELLE
832 1488 1035 1530 consortis
1075 1492 1216 1531 nostre
1257 1504 1385 1545 quam
1424 1489 1526 1532 fecit
1560 1489 1844 1547 burgensibus
1876 1493 2029 1535 nostris
2069 1494 2122 1537 de

170 1577 215 1621 N
218 1592 339 1620 EATH
360 1578 406 1620 in
426 1578 503 1620 hec
523 1577 662 1620 verba.
730 1578 859 1633 (Vide
880 1578 966 1621 No.
991 1582 1180 1635 MLXXV.)

225 1669 287 1711 Et
307 1685 383 1712 nos
403 1670 537 1727 igitur
558 1669 789 1712 chARDUs
811 1671 863 1713 de
885 1670 1038 1713 BELLo
1059 1671 1215 1714 CAMPo
1236 1673 1288 1715 de
1304 1672 1488 1715 uberiori
1508 1673 1649 1729 gratia
1678 1677 1822 1717 nostra
1843 1676 2119 1719 concessimus

167 1761 325 1803 eisdem
338 1761 620 1817 burgensibus
635 1762 790 1805 nostris
806 1777 953 1805 eorum
974 1762 1198 1806 heredibus
1220 1768 1263 1806 et
1280 1764 1582 1807 successoribus
1597 1765 1711 1807 infra
1723 1765 1910 1823 burgum
1925 1771 2118 1811 nostrum

167 1852 406 1909 predictum
436 1852 718 1895 residentibus
749 1854 862 1908 quod
892 1854 926 1895 si
956 1854 1037 1909 ipsi
1068 1858 1143 1896 aut
1172 1870 1317 1897 eorum
1348 1855 1501 1910 ahquis
1531 1859 1746 1911 ponantur
1775 1857 1821 1899 in
1847 1872 2041 1912 processu
2070 1859 2117 1901 in

167 1944 373 1987 comitatu
393 1943 461 1986 vel
481 1943 526 1985 in
549 1944 644 1986 aliis
664 1944 877 1987 curiarum
899 1948 1139 1987 nostrarum
1161 1946 1339 1987 dominii
1360 1947 1493 1988 nostri
1515 1946 1802 1989 GLAMORGAN
1823 1951 1865 1990 et
1895 1948 2116 1991 Monam-

168 2049 319 2077 NUCKE
341 2035 455 2090 quod
476 2034 556 2090 ipsi
576 2035 807 2090 burgenses
827 2050 973 2078 eorum
993 2035 1166 2078 heredes
1196 2040 1238 2078 et
1268 2051 1519 2079 successores
1549 2040 1593 2079 et
1621 2052 1767 2080 eorum
1796 2038 1975 2093 quilibet
2002 2040 2116 2082 infra

167 2125 438 2168 hundredum
486 2128 680 2167 nostrum
710 2126 763 2167 de
793 2125 838 2168 N
841 2140 961 2168 EETH
991 2127 1080 2182 peti
1101 2130 1142 2168 et
1173 2126 1331 2169 ibidem
1360 2127 1481 2169 triari
1510 2128 1671 2183 possint
1702 2129 1769 2171 vel
1799 2130 1930 2185 possit
1958 2130 2116 2173 futuris

166 2215 426 2271 temporibus
456 2216 672 2258 duraturis
702 2217 769 2258 vel
799 2216 834 2258 si
865 2217 1019 2272 aliquis
1049 2217 1116 2259 vel
1146 2232 1292 2259 eorum
1332 2218 1465 2273 aliqui
1495 2223 1712 2261 accusatus
1742 2223 1817 2262 aut
1857 2221 2113 2265 attachiatus

162 2306 295 2349 fuerit
324 2307 600 2362 imposterum
630 2307 675 2348 in
706 2307 910 2350 comitatu
941 2323 1014 2350 seu
1044 2308 1088 2350 in
1120 2308 1264 2364 aliqua
1294 2309 1409 2350 curia
1439 2309 1652 2352 curiarum
1672 2314 1912 2353 nostrarum
1932 2312 2111 2355 dominii

161 2397 295 2440 nostri
325 2398 377 2440 de
410 2396 696 2440 GLAMORGAN
728 2402 771 2440 et
801 2398 1157 2441 MORGANNUCKE
1187 2402 1359 2455 propter
1389 2399 1548 2442 felonia
1568 2401 1682 2456 quod
1701 2402 1790 2456 peti
1814 2402 1928 2444 infra
1949 2404 2108 2446 curiam

159 2491 348 2530 nostram
368 2489 421 2530 de
442 2487 648 2530 NEETH'S
668 2487 803 2530 LAND
824 2489 985 2545 possint
1008 2490 1074 2531 vel
1095 2490 1226 2545 possit
1246 2493 1289 2532 et
1309 2490 1468 2532 ibidem
1488 2491 1609 2533 triari
1623 2494 1666 2534 et
1685 2493 1906 2535 terminari
1925 2493 2108 2537 debeant

159 2593 233 2634 per
253 2578 484 2634 burgenses
504 2578 631 2635 burgi
652 2579 786 2621 nostri
806 2580 983 2635 predicti
1005 2595 1091 2621 non
1112 2595 1187 2635 per
1208 2580 1434 2623 forinsecos
1454 2585 1497 2623 et
1526 2581 1705 2624 ulterius
1726 2597 1870 2625 omnes
1890 2583 2108 2627 libertates

159 2669 369 2725 predictas
389 2684 464 2725 pro
485 2669 607 2711 nobis
627 2673 671 2712 et
690 2670 914 2713 heredibus
935 2671 1089 2713 nostris
1120 2675 1209 2712 tam
1230 2672 1282 2713 de
1313 2686 1422 2714 novo
1452 2687 1526 2727 per
1554 2687 1630 2714 nos
1650 2688 1861 2715 concessas
1883 2689 2012 2729 quam
2032 2690 2108 2730 per

159 2759 368 2815 predictos
389 2763 668 2802 antecessores
687 2763 851 2803 nostros
872 2761 989 2816 prius
1009 2762 1130 2803 datas
1151 2762 1350 2817 predictis
1369 2761 1652 2818 burgensibus
1673 2767 1715 2805 et
1744 2778 1889 2806 eorum
1920 2768 2103 2807 anteces-

158 2849 320 2892 soribus
348 2849 606 2892 ratificamus
636 2854 677 2892 et
709 2851 1007 2894 confirmamus
1037 2857 1079 2893 et
1109 2851 1207 2894 huic
1237 2853 1422 2907 presenti
1452 2853 1606 2908 scripto
1636 2854 1827 2909 sigillum
1858 2855 2104 2898 cancellarie

155 2944 298 2983 nostre
328 2941 381 2982 (16
412 2939 655 2982 KAERmFF
686 2942 970 2998 apposuimus.
1033 2942 1135 2984 Hiis
1160 2943 1338 2985 testibus
1360 2977 1368 2985 .
1393 2943 1704 2986 venerabilibus
1724 2944 1824 2986 viris
1845 2944 2102 2988 WILLELMO

155 3030 307 3072 abbate
338 3031 390 3072 de
422 3030 623 3072 MARGAN
659 3064 668 3073 .
703 3031 914 3074 LEYSANT
944 3032 1096 3075 abbate
1128 3034 1180 3076 de
1216 3033 1384 3075 NEATH
1417 3067 1424 3075 .
1459 3033 1676 3082 ‹IOHANNE
1708 3034 1968 3077 STRADLING
1999 3040 2102 3079 tunc

359 3170 435 3204 Su
