2386 3645
1838 289 1948 331 1189

152 497 280 541 rivuli
304 497 379 553 qui
403 497 598 539 oriuntur
624 496 737 538 inter
760 494 1055 538 KEUENARTH
1086 498 1130 538 et
1157 494 1514 537 GOPPEDEGROUE
1546 509 1725 550 quorum
1755 511 1866 538 unus
1893 496 2004 538 cadit

153 591 201 633 in
239 588 396 632 Lonor
441 591 484 630 et
533 588 640 630 alter
678 587 726 630 in
783 586 888 638 L1v,
931 601 1007 643 per
1049 586 1177 642 juxta
1224 586 1469 638 ALNETUM,
1518 588 1561 629 et
1609 586 1814 641 capellam
1862 586 2008 629 Sancti

153 677 412 721 Mmfflnms
447 678 501 720 de
537 676 697 719 CARNU
733 691 815 733 que
847 680 910 719 est
948 677 1062 720 inter
1094 678 1228 720 dictos
1267 677 1470 720 terminos
1509 677 1637 719 simul
1676 692 1772 719 cum
1811 677 2007 720 omnibus

156 769 415 812 aisiamentis
437 768 572 811 tocius
597 768 711 810 feodi
735 769 787 811 de
812 767 1025 811 TALBONT
1051 768 1097 810 in
1123 768 1288 824 pascuis
1308 771 1351 810 et
1375 767 1495 823 aquis
1513 767 1560 810 in
1581 767 1709 810 moris
1729 770 1772 810 et
1790 767 1978 811 mariscis
1999 801 2009 811 .

157 859 219 903 Et
250 859 407 916 ubique
444 859 786 902 communionem
818 859 864 902 in
904 859 1088 915 pasturis
1127 862 1170 901 et
1210 859 1357 902 ceteris
1391 858 1652 901 aisiamentis
1686 859 1742 901 ad
1772 859 2011 915 predictum

159 952 331 994 feodum
379 950 678 1006 pertinentem.
740 950 838 993 Hec
887 950 1032 992 omnia
1081 950 1180 993 dedi
1227 950 1428 1007 predictis
1475 949 1693 992 monachis
1740 949 1788 991 in
1836 949 2014 992 liberam

159 1042 433 1085 elemosinam
472 1042 800 1098 imperpetuum.
862 1041 923 1084 Et
969 1056 1050 1097 ego
1090 1044 1133 1083 et
1172 1041 1348 1084 heredes
1386 1040 1471 1083 mei
1511 1040 1655 1083 omnia
1693 1040 1881 1096 predicta
1920 1055 2017 1082 cum

167 1133 438 1190 pertinenciis
467 1132 669 1188 predictis
697 1132 916 1175 monachis
944 1135 986 1174 et
1013 1147 1159 1174 eorum
1189 1131 1492 1174 successoribus
1524 1133 1670 1174 contra
1697 1146 1841 1173 omnes
1873 1133 2023 1187 gentes

160 1223 532 1267 warantizabimus
562 1224 892 1280 imperpetuum.
954 1223 1011 1266 In
1043 1223 1167 1279 cujus
1190 1222 1253 1265 rei
1280 1222 1529 1265 memoriam
1555 1222 1666 1264 hanc
1692 1237 1832 1264 meam
1859 1223 2019 1264 cartam

165 1315 323 1358 eisdem
357 1314 575 1357 monachis
607 1314 689 1357 feci
722 1317 765 1356 et
801 1313 943 1370 sigillo
976 1328 1071 1356 meo
1104 1312 1363 1370 consignavi.
1426 1312 1529 1355 Hiis
1558 1311 1738 1355 testibus
1769 1347 1777 1354 .
1811 1310 2023 1354 Amomo

165 1406 372 1449 monacho
395 1440 403 1448 .
429 1404 634 1448 CADIVOR
654 1405 868 1447 sacerdote
891 1438 899 1447 .
923 1403 1183 1447 WILLELMO
1204 1405 1256 1446 de
1277 1403 1529 1446 LONDOan
1552 1437 1561 1446 .
1585 1406 1627 1446 et
1647 1403 1794 1445 multis
1815 1402 1938 1445 aliis.’

137 1496 338 1540 Preterea
376 1496 641 1553 inspeximus
680 1499 840 1539 cartam
876 1495 1128 1540 WILLELMI
1170 1496 1387 1551 quondam
1427 1494 1592 1537 comitis
1631 1495 1684 1536 de
1725 1493 1954 1538 WARWYK
1988 1498 2029 1537 et

79 1588 242 1632 domini
263 1587 510 1631 Grotmmzm
532 1587 611 1631 sub
631 1603 680 1630 eo
702 1587 776 1644 qui
796 1587 988 1643 sequitur
1006 1590 1152 1630 tenore
1168 1603 1239 1630 :—

137 1679 285 1724 Sciant
300 1681 514 1736 presentes
527 1682 570 1722 et
589 1679 728 1722 futuri
749 1680 864 1735 quod
884 1693 963 1735 ego
985 1677 1271 1722 WILLELMUS
1291 1693 1429 1722 comes
1449 1680 1502 1721 de
1523 1677 1753 1722 WARWYK
1774 1681 1816 1720 et
1837 1678 2034 1720 dominus

80 1772 134 1815 de
166 1770 419 1814 GOUWERIA
436 1771 492 1812 do
513 1773 557 1813 et
576 1771 778 1813 confirmo
794 1769 889 1813 Deo
909 1772 952 1812 et
972 1769 1172 1812 abbathie
1194 1770 1247 1812 de
1267 1769 1436 1813 ΝΕΕΤΗ
1459 1772 1502 1812 et
1521 1769 1739 1812 monachis
1758 1768 1918 1812 ibidem
1938 1769 2033 1812 Deo

82 1861 364 1906 servientibus
413 1864 549 1905 totam
598 1861 720 1904 illam
769 1861 1048 1904 donacionem
1097 1876 1227 1917 quam
1276 1861 1378 1904 fecit
1418 1861 1478 1904 eis
1518 1860 1760 1903 HENRmUs
1803 1876 1941 1904 comes
1981 1862 2035 1904 de
2082 1848 2085 1851 ’

82 1954 325 1997 WARWYK'
358 1956 594 1996 antecessor
624 1967 744 1996 meus
763 1952 961 1995 videlicet
981 1968 1114 1995 unam
1133 1952 1358 2008 piscariam
1383 1951 1483 2010 [etc.
1511 1952 1589 1996 sub
1610 1951 1749 1995 verbis
1768 1952 2030 2008 precedenti-

80 2045 161 2089 bus
176 2060 308 2101 usque
322 2045 377 2088 ad
393 2044 593 2102 verbum]
613 2044 911 2100 pertinentem.
973 2044 1072 2087 Hec
1091 2044 1235 2087 omnia
1257 2045 1312 2087 do
1332 2047 1376 2087 et
1389 2045 1590 2088 confiimo
1602 2044 1803 2100 predictis
1818 2043 2035 2086 monachis

83 2139 126 2179 et
160 2150 306 2179 eorum
337 2135 641 2178 successoribus
673 2135 800 2178 simul
835 2151 931 2178 cum
963 2135 1161 2178 libertate
1193 2136 1246 2178 de
1278 2135 1477 2178 tholoneo
1511 2139 1554 2178 et
1583 2135 1700 2178 omni
1729 2135 2033 2177 consuetudine

83 2227 262 2270 seculari
293 2241 369 2283 pro
404 2241 657 2282 quacunque
688 2226 937 2269 vendicione
967 2226 1036 2269 vel
1066 2226 1283 2282 empcione
1309 2242 1384 2283 per
1411 2241 1454 2269 se
1486 2227 1555 2269 vel
1586 2242 1662 2283 per
1694 2241 1789 2269 suos
1820 2226 1935 2268 facta
1965 2226 2033 2269 vel

83 2318 280 2361 facienda
311 2332 388 2374 per
419 2320 555 2360 totam
586 2320 744 2361 terram
773 2333 913 2361 meam
945 2317 992 2360 in
1019 2318 1217 2361 futurum
1243 2318 1290 2360 in
1319 2317 1498 2361 liberam
1527 2333 1680 2374 puram
1710 2321 1753 2360 et
1782 2320 2031 2374 perpetuam

84 2409 370 2453 elemosinam.
431 2408 493 2451 Et
525 2424 575 2451 ea
615 2409 759 2452 omnia
793 2412 837 2452 et
871 2410 1044 2465 singula
1075 2413 1166 2452 tam
1200 2424 1279 2466 ego
1312 2425 1442 2465 quam
1473 2409 1648 2452 heredes
1678 2409 1763 2452 mei
1794 2409 1952 2452 eisdem
1987 2410 2033 2453 in

79 2500 219 2544 forma
238 2500 428 2556 predicta
447 2499 819 2543 warantizabimus
843 2500 1171 2557 imperpetuum.
1232 2500 1295 2543 Et
1314 2500 1415 2556 quia
1435 2500 1714 2543 dissensiones
1733 2516 1829 2557 sepe
1849 2500 2027 2544 fuerunt

84 2591 197 2634 inter
216 2606 284 2633 me
305 2594 349 2633 et
369 2590 504 2633 dictos
529 2590 759 2634 monachos
778 2605 855 2648 pro
875 2591 1033 2634 finibus
1056 2591 1170 2634 inter
1188 2594 1346 2634 terram
1373 2606 1513 2634 meam
1532 2591 1585 2634 de
1604 2590 1791 2633 KILUEY
1810 2594 1854 2634 et
1873 2594 2031 2635 terram

84 2697 230 2726 eorum
246 2697 375 2738 quam
394 2685 545 2725 tenent
568 2683 620 2725 de
641 2683 794 2725 comite
822 2682 1132 2726 GLOUCESTRIE
1157 2683 1203 2726 in
1224 2683 1474 2726 occidentali
1500 2686 1621 2739 parte
1642 2698 1750 2739 aque
1774 2683 1827 2725 de
1846 2682 2029 2736 ΝΕΕΤΗ,

85 2788 164 2830 ego
199 2789 296 2816 cum
327 2773 501 2816 consilio
525 2788 622 2816 meo
650 2776 694 2817 et
726 2774 830 2816 dicti
861 2774 1060 2816 monachi
1086 2789 1162 2830 per
1191 2789 1407 2817 assensum
1439 2773 1633 2830 ejusdem
1665 2773 1829 2816 comitis
1862 2746 2031 2817 eosdem

85 2864 192 2907 fines
249 2863 650 2920 perambulavimus.
729 2863 984 2921 Incipiendo
1033 2864 1087 2908 ab
1136 2865 1210 2907 illo
1260 2866 1351 2908 loco
1399 2864 1475 2907 ubi
1523 2844 1687 2907 rivulus
1736 2864 1811 2920 qui
1859 2868 2034 2909 vocatur

89 2953 341 2997 GREMELYN
359 2954 472 2997 cadit
492 2954 539 2996 in
555 2955 733 2998 MALAM
753 2954 944 3007 ΜΟΕΑΜ,
962 2958 1004 2998 et
1026 2955 1085 2999 sic
1100 2956 1364 2998 ascendendo
1384 2970 1461 3012 per
1480 2956 1664 2998 eundem
1683 2955 1871 2998 rivulum
1900 2971 2034 3012 usque

88 3045 144 3088 ad
175 3045 418 3101 proximum
452 3046 612 3088 vadum
642 3061 840 3089 saxosum
869 3045 944 3089 ubi
974 3047 1044 3089 via
1074 3047 1233 3089 ducens
1263 3047 1315 3089 de
1345 3045 1596 3089 LANSAMLE
1627 3060 1670 3088 se
1699 3046 1893 3089 extendit
1923 3047 2037 3090 ultra
