2386 3645
1919 281 2029 323 1215

199 479 400 522 Preterea
418 478 681 534 inspeximus
701 481 838 521 cartas
857 478 1079 522 MORGANI
1100 480 1188 523 filio
1210 480 1437 523 GARADocI
1458 485 1502 524 et
1530 482 1723 526 LEISANI
1750 484 1829 526 filii
1860 485 1954 542 ejus
1980 501 2085 542 quas

139 569 334 612 fecerunt
347 567 565 611 monachis
584 569 638 610 de
653 568 859 611 MARGAN
875 569 1128 625 supradictis
1150 604 1158 611 .
1181 571 1234 612 de
1248 573 1362 613 terra
1374 572 1427 613 de
1443 571 1704 615 RossoumN
1720 573 1767 616 in
1779 573 1856 617 hec
1871 575 1997 618 verba
2015 590 2084 617 :—

198 660 239 702 3.
300 657 510 702 Omnibus
530 658 684 701 Sancte
705 658 874 702 ecclesie
894 659 994 702 filiis
1013 674 1054 715 p.
1077 663 1121 703 et
1139 661 1170 703 f.
1204 660 1460 704 MORGANUS
1493 662 1608 705 filius
1641 662 1867 706 OAnAnom
1887 666 2081 710 salutem.

142 749 295 793 Sciatis
333 764 401 792 me
436 749 611 792 consilio
645 751 689 792 et
722 763 928 792 consensu
960 750 1166 793 heredum
1202 754 1246 794 et
1279 752 1513 795 amicorum
1543 768 1735 797 meorum
1767 757 2012 800 concessisse
2044 761 2087 800 et

142 841 308 884 dedisse
328 843 372 883 et
390 840 470 883 hac
490 844 606 883 carta
626 840 893 883 confirmasse
914 841 1007 884 Deo
1028 845 1071 884 et
1091 842 1261 885 ecclesie
1281 842 1323 886 S.
1346 843 1410 886 M.
1433 845 1486 886 de
1505 844 1711 887 MARGAN
1742 848 1785 889 et
1813 862 1869 889 m.
1898 864 1936 904 q.
1966 849 1994 890 i.
2026 849 2082 892 D.

143 932 335 976 serviunt
360 932 408 974 in
439 934 689 988 perpetuam
721 932 994 975 elemosinam
1025 936 1162 976 totam
1193 937 1351 977 terram
1385 936 1439 977 de
1471 935 1732 979 Rossoumm
1767 953 1864 980 cum
1894 939 2089 983 omnibus

144 1025 417 1082 pertinenciis
437 1024 523 1067 suis
543 1024 590 1066 in
610 1024 733 1068 bosco
754 1028 798 1068 et
815 1025 946 1081 plano
969 1059 977 1068 .
999 1026 1046 1068 in
1066 1027 1200 1083 pratis
1220 1030 1263 1070 et
1288 1028 1473 1084 pasturis
1495 1061 1505 1071 .
1527 1028 1574 1071 in
1594 1029 1715 1085 aquis
1736 1062 1745 1073 .
1769 1032 1811 1073 et
1830 1030 1877 1073 in
1897 1031 2093 1074 omnibus

145 1116 240 1159 aliis
260 1115 520 1158 aisiamentis
540 1116 627 1158 suis
646 1131 721 1172 per
740 1115 818 1158 has
837 1116 994 1159 divisas
1014 1117 1172 1160 scilicet
1192 1118 1394 1174 quicquid
1418 1119 1659 1162 continetur
1687 1120 1800 1163 inter
1829 1136 1984 1176 aquam
2011 1138 2093 1178 que

144 1207 301 1250 dicitur
321 1206 493 1251 WRAK’
515 1208 559 1249 et
589 1221 744 1262 aquam
774 1223 856 1262 que
887 1207 1044 1251 dicitur
1077 1208 1550 1252 CLEUDACHOUMKAKE
1586 1243 1594 1252 .
1632 1213 1674 1253 et
1706 1211 1819 1253 inter
1853 1226 2009 1267 aquam
2040 1213 2093 1255 de

144 1297 285 1342 NETH
320 1300 364 1340 et
392 1298 508 1340 viam
537 1312 740 1353 magnam
772 1313 853 1353 que
883 1299 1004 1341 vadit
1032 1314 1107 1355 per
1136 1303 1390 1343 montanum
1425 1301 1478 1343 de
1511 1300 1790 1344 TORBETHEL
1824 1336 1832 1344 .
1874 1317 2007 1358 usque
2041 1304 2097 1346 ad

147 1387 423 1432 GLINWRAK’
449 1423 457 1431 .
481 1391 524 1431 et
544 1403 690 1432 omnes
711 1389 1030 1432 commoditates
1059 1405 1168 1446 aque
1198 1391 1250 1433 de
1278 1391 1417 1434 NETH
1447 1392 1560 1434 inter
1587 1393 1693 1435 duas
1725 1407 1856 1448 aquas
1884 1394 2096 1449 prenomi-

147 1482 270 1523 natas
292 1513 300 1522 .
324 1479 482 1523 scilicet
502 1479 699 1524 WRAcH’
731 1483 774 1523 et
803 1480 1273 1524 CLEUDACHGUMKAKE
1309 1516 1318 1524 .
1352 1486 1396 1525 et
1427 1498 1695 1526 communem
1724 1486 1942 1540 pasturam
1965 1485 2100 1528 tocius

148 1573 259 1614 terre
280 1586 373 1613 mee
393 1571 439 1613 in
459 1571 675 1614 montanis
694 1571 807 1614 inter
827 1571 1034 1614 AVENAM
1056 1576 1100 1614 et
1119 1571 1258 1615 ΝΕΤΗ
1279 1573 1334 1616 ad
1354 1573 1600 1616 habendum
1632 1577 1675 1617 et
1705 1576 1939 1618 tenendum
1969 1575 2100 1619 libere

147 1664 192 1705 et
230 1662 371 1718 quiete
407 1662 460 1704 ab
497 1662 615 1704 0111111
648 1662 822 1705 servicio
857 1666 901 1705 et
935 1663 1239 1706 consuetudine
1274 1667 1317 1706 et
1349 1665 1568 1708 exactione
1603 1666 1779 1708 seculari
1816 1700 1824 1708 .
1860 1665 1979 1709 Sicut
2012 1667 2103 1709 ulla

150 1753 381 1796 elemosina
400 1753 576 1796 liberius
594 1752 742 1796 haberi
763 1756 806 1796 et
826 1753 962 1796 teneri
981 1756 1134 1809 potest.
1195 1754 1257 1796 Et
1275 1754 1356 1797 hoc
1373 1758 1514 1798 totum
1533 1755 1903 1800 warantizabimus
1933 1758 1993 1800 eis
2022 1773 2103 1814 ego

149 1846 193 1886 et
212 1843 389 1886 heredes
408 1843 494 1886 mei
514 1847 662 1886 contra
682 1858 829 1886 omnes
847 1843 1041 1887 homines
1060 1844 1107 1886 in
1128 1847 1393 1900 perpetuum.
1456 1845 1517 1888 Et
1536 1845 1614 1888 hec
1644 1847 1788 1889 omnia
1818 1862 1887 1890 me
1918 1848 2103 1891 fideliter

147 1938 191 1978 et
205 1935 384 1978 firmiter
397 1937 541 1978 tenere
557 1950 684 1991 super
698 1938 961 1978 sacrosancta
973 1935 1213 1991 juravimus
1227 1951 1304 1992 pro
1316 1951 1385 1979 me
1401 1939 1444 1979 et
1458 1936 1686 1981 heredibus
1705 1938 1822 1982 meis.
1875 1938 2072 1982 Testibus
2090 1972 2099 1981 .

147 2026 322 2069 domino
343 2026 558 2069 HENRICO
579 2026 878 2068 LANDAVENSI
900 2026 1092 2082 episcopo
1116 2060 1123 2068 .
1147 2026 1386 2069 NICHOLAO
1412 2027 1594 2070 GrnmoN
1629 2062 1638 2072 .
1673 2028 1832 2071 HELIA
1864 2030 2022 2073 decano
2049 2032 2104 2073 de

147 2117 281 2160 Novo
303 2117 530 2161 CASTELLO
563 2150 572 2159 .
607 2116 813 2159 RchRDo
842 2118 1002 2160 decano
1026 2118 1079 2159 de
1115 2117 1433 2161 BONVILESTON
1469 2152 1478 2161 .
1517 2117 1732 2162 HENRICO
1767 2120 2012 2176 presbytero
2047 2123 2101 2164 de

145 2208 450 2252 BRIGGETUNE
488 2241 497 2250 .
541 2207 817 2250 RUALTHAN'
860 2210 903 2250 et
937 2207 1171 2250 MAURICIO
1206 2208 1410 2251 fratribus
1445 2208 1638 2266 ejusdem
1674 2244 1683 2252 .
1722 2209 1980 2254 WILLELMO
2011 2212 2100 2255 filio

143 2299 361 2343 ALEWINJ
385 2332 394 2342 .
417 2299 575 2342 DAVID
599 2298 803 2341 PUGNEL.

203 2392 243 2433 4.
305 2390 516 2433 Omnibus
551 2390 706 2433 Sancte
738 2390 908 2432 ecclesie
948 2389 1047 2432 filiis
1080 2405 1121 2446 p.
1159 2393 1203 2432 et
1236 2390 1267 2432 f.
1305 2389 1479 2433 LEISAN
1514 2391 1628 2434 filius
1651 2391 1873 2434 MORGANI
1901 2393 2095 2437 salutem.

145 2481 299 2525 Sciatis
317 2497 387 2524 me
408 2481 581 2524 consilio
613 2483 656 2524 et
686 2495 891 2524 consensu
923 2481 1057 2536 patris
1088 2481 1174 2523 mei
1209 2484 1252 2524 et
1282 2482 1516 2525 amicorum
1546 2497 1739 2526 meorum
1773 2485 2018 2527 concessisse
2051 2488 2095 2528 et

144 2573 310 2616 dedisse
331 2575 374 2616 et
392 2572 472 2615 hac
493 2575 609 2615 carta
639 2573 906 2615 confirmasse
936 2572 1032 2615 Deo
1064 2575 1108 2615 et
1135 2572 1317 2626 ecclesie,
1349 2575 1442 2626 eto„
1478 2577 1556 2616 ete.
1595 2574 1657 2629 (as
1692 2575 1738 2617 in
1768 2574 1841 2617 the
1865 2577 2095 2633 preceding

145 2663 336 2717 Gharter,
357 2664 442 2708 No.
466 2665 525 2718 3.)
553 2697 838 2707 .........
900 2663 1004 2706 Hiis
1034 2663 1214 2707 testibus
1249 2697 1258 2706 .
1296 2664 1454 2706 HELIA
1486 2667 1590 2708 tunc
1624 2666 1781 2708 decano
1815 2699 1824 2708 .
1859 2666 2094 2709 MAmucro

114 2756 390 2813 {presbytero
423 2789 433 2800 .
464 2756 684 2798 MARTmo
718 2755 965 2813 presbytero
998 2789 1007 2798 .
1039 2755 1254 2799 HEmuco
1288 2756 1534 2812 presbytero
1567 2791 1576 2799 .
1609 2757 1766 2800 DAvn)
1804 2758 2050 2814 presbytero
2081 2791 2092 2804 .

144 2847 332 2891 Romano
352 2847 441 2890 filio
457 2847 610 2891 WYAN
629 2881 638 2889 .
656 2847 809 2891 DAvm
830 2846 1042 2889 PUGNEIL
1065 2881 1074 2889 .
1097 2846 1127 2890 J
1130 2861 1318 2890 OHANNE
1339 2847 1455 2890 soon
1477 2881 1485 2889 .
1510 2846 1700 2891 GRONOU
1720 2848 1808 2891 filio
1827 2848 1858 2891 J
1859 2863 2059 2892 OHANNIS
2081 2883 2091 2892 .

144 2941 189 2982 et
206 2939 355 2981 multis
375 2939 482 2981 01118.

201 3028 474 3085 Inspeximus
494 3029 624 3072 etiam
645 3029 861 3085 quandam
882 3028 1203 3085 inquisitionem
1222 3031 1391 3086 captam
1410 3029 1457 3072 in
1478 3029 1682 3073 comitatu
1709 3032 1853 3073 nostro
1881 3030 2094 3074 61110Μο11-

144 3134 310 3162 GANCIE
331 3122 654 3164 concernentem
674 3120 873 3164 abbatem
893 3122 947 3164 de
967 3120 1174 3163 MARGAN
1195 3123 1341 3164 tenore
1362 3121 1437 3178 qui
1457 3121 1649 3178 sequitur
1667 3121 1892 3166 verborum
1908 3138 1976 3166 :—
