2386 3645
334 257 444 298 1410

330 463 548 507 Noveritis
569 478 644 505 nos
665 464 895 519 inspexisse
917 465 1283 507 confirmacionem
1304 464 1412 507 bone
1430 465 1628 507 memorie
1649 465 1812 506 domini
1833 464 2060 506 Enwfflm
2088 465 2224 520 patris

271 554 406 596 nostri
446 569 583 610 nuper
622 555 785 597 domini
822 554 1183 598 GLAMORGANCIE
1218 558 1258 598 et
1310 556 1585 598 MORGANCIE
1622 571 1750 611 quam
1799 555 1900 597 fecit
1943 554 2223 612 burgensibus

273 645 427 688 nostris
448 646 499 688 de
521 644 744 688 KERDYFF
765 647 818 688 de
838 645 1107 688 libertatibus
1127 661 1273 689 eorum
1293 647 1339 689 in
1359 646 1436 689 hec
1456 646 1595 690 verba.

331 752 593 795 Eowmnns
623 753 663 796 le
695 753 964 795 DESPENSER
999 754 1213 796 Dominus
1246 753 1605 797 GLAMORGANGIE
1641 758 1682 796 et
1718 754 1992 796 MORGANCIE
2028 753 2223 796 omnibus

267 843 436 886 ballivis
455 845 609 887 nostris
628 849 671 886 et
689 845 784 887 aliis
803 845 858 886 ad
878 860 982 900 quos
1002 848 1216 900 presentes
1235 845 1375 887 littere
1396 845 1666 901 pervenerint
1687 846 1880 888 salutem.

327 959 479 1002 Sciatis
499 974 575 1002 nos
604 960 835 1015 inspexisse
866 963 1026 1002 cartam
1058 960 1168 1003 bone
1192 960 1394 1003 memorie
1425 960 1602 1003 Domini
1638 961 1853 1003 Hueoms
1882 961 1920 1003 le
1951 960 2221 1003 DESPENSER

269 1050 469 1093 avunculi
508 1051 641 1093 nostri
681 1065 817 1106 nuper
849 1050 1027 1093 Domini
1060 1050 1423 1093 GLAMORGANCIE
1457 1055 1500 1094 et
1532 1051 1808 1094 MORGANCIE
1830 1067 1959 1107 quam
1992 1052 2090 1094 fecit
2123 1051 2223 1094 bur-

268 1141 469 1197 gensibus
490 1143 542 1184 de
563 1141 788 1184 KAERDYF
809 1143 861 1184 de
882 1141 1150 1185 libertatibus
1170 1157 1316 1184 eorum
1337 1143 1383 1184 in
1403 1143 1480 1185 hec
1500 1142 1639 1185 verba.

326 1258 465 1301 HUGo
486 1259 525 1300 le
547 1258 815 1301 DESPENSER
836 1258 1048 1301 Dominus
1070 1258 1434 1301 GLAMORGANCIE
1456 1262 1499 1301 et
1520 1259 1795 1301 MORGANCIE
1827 1259 2024 1302 omnibus
2056 1259 2224 1302 ballivis

267 1353 309 1391 et
348 1349 554 1392 ministris
585 1350 739 1392 nostris
771 1354 814 1392 et
849 1349 943 1391 aliis
976 1349 1173 1391 fidelibus
1206 1353 1444 1405 presentem
1481 1353 1640 1392 cartam
1675 1350 1926 1406 inspecturis
1962 1350 2142 1392 salutem
2176 1351 2223 1392 in

267 1439 454 1482 Domino
478 1473 692 1482 .......
716 1455 828 1482 nono
850 1439 1012 1482 decimo
1033 1440 1101 1482 die
1133 1440 1288 1482 mensis
1321 1440 1486 1496 Aprilis
1521 1455 1633 1483 anno
1661 1441 1785 1497 regni
1819 1440 1953 1497 Regis
1989 1440 2219 1483 EDWARm

264 1531 383 1573 tercii
404 1534 498 1586 post
518 1533 797 1586 conquestum
817 1534 968 1586 quarto
990 1531 1164 1572 decimo.
1230 1530 1365 1587 [Vide
1386 1530 1630 1573 Numerum
1651 1531 1976 1588 Decet-LXXXII]

322 1647 416 1689 Nos
467 1662 564 1690 vero
600 1647 813 1702 predictus
848 1647 1110 1690 EDWARDUS
1149 1648 1188 1690 le
1229 1647 1499 1690 DESPENSER
1539 1647 1752 1690 Dominus
1788 1647 2149 1690 GLAMORGANCIE
2181 1651 2225 1691 et

264 1737 536 1780 MORGANCIE
560 1753 635 1794 pro
656 1738 793 1780 salute
815 1739 954 1780 anime
976 1744 1118 1781 nostre
1138 1742 1180 1781 et
1201 1739 1442 1781 animarum
1462 1738 1596 1795 patris
1612 1742 1654 1781 et
1675 1739 1823 1782 matris
1843 1739 1977 1782 nostri
2005 1742 2047 1781 et
2075 1739 2223 1781 matris

263 1837 404 1884 nostre
444 1833 485 1872 et
527 1830 719 1872 omnium
760 1833 1071 1873 antecessorum
1109 1834 1350 1873 nostrorum
1391 1846 1537 1873 omnes
1570 1830 1823 1873 donaciones
1863 1830 2147 1873 concessiones
2179 1833 2222 1872 et

263 1920 604 1963 confirmaciones
640 1920 902 1976 supradictas
932 1925 1045 1963 ratas
1075 1920 1280 1963 habentes
1313 1924 1355 1963 et
1382 1924 1526 1977 gratas
1554 1935 1623 1964 eas
1658 1936 1734 1976 pro
1766 1920 1888 1963 nobis
1923 1924 1966 1963 et
1995 1920 2221 1963 heredibus

264 2011 417 2053 nostris
438 2011 635 2066 predictis
656 2011 940 2067 burgensibus
961 2012 1116 2054 nostris
1137 2014 1180 2055 et
1200 2027 1346 2054 eorum
1368 2011 1670 2054 successoribus
1687 2011 1956 2054 concedimus
1969 2011 2222 2054 innovamus

264 2102 521 2144 ratificamus
542 2105 585 2144 et
606 2103 903 2145 confirmamus
923 2103 1239 2159 imperpetuum
1259 2104 1448 2146 volentes
1475 2108 1516 2146 et
1548 2104 1824 2145 concedentes
1855 2103 1968 2158 quod
1997 2103 2079 2145 ista
2106 2106 2222 2146 carta

263 2194 308 2235 in
350 2193 545 2235 omnibus
578 2193 664 2236 suis
696 2193 965 2237 libertatibus
1005 2194 1184 2237 firmiter
1216 2199 1258 2237 et
1290 2194 1593 2237 inviolabiliter
1626 2194 1870 2237 observetur
1904 2194 2221 2250 imperpetuum

264 2285 407 2341 aliqua
427 2285 741 2340 interrupcione
761 2300 847 2328 non
868 2285 1074 2328 obstante.
1137 2285 1193 2328 In
1215 2286 1338 2342 cujus
1358 2286 1418 2328 rei
1439 2285 1732 2327 testimonium
1762 2284 1861 2327 huic
1893 2285 2080 2341 presenti
2107 2288 2220 2327 carte

264 2380 406 2419 nostre
442 2376 632 2431 sigillum
673 2377 920 2419 cancellarie
960 2380 1101 2419 nostre
1141 2378 1194 2420 de
1234 2377 1460 2419 KAERDYF
1501 2377 1703 2419 duximus
1737 2377 2052 2432 apponendum.
2116 2375 2219 2418 Hiis

263 2467 442 2510 testibus
478 2500 487 2509 .
525 2467 835 2510 venerabilibus
876 2468 976 2510 viris
1009 2468 1224 2510 HEcho
1257 2468 1408 2510 abbate
1430 2469 1482 2510 de
1504 2467 1706 2509 MARGAN
1735 2500 1744 2510 .
1775 2466 1944 2509 ΤΗΟΜΑ
1977 2466 2130 2509 abbate
2165 2467 2218 2509 de

264 2558 432 2601 NEE'rH
457 2591 465 2600 .
489 2557 518 2601 J
522 2572 709 2599 OHANNE
731 2559 783 2600 de
805 2557 1049 2600 COVENTRE
1080 2559 1373 2601 archidiacono
1402 2558 1699 2601 LANDAVENSI
1723 2592 1732 2600 .
1756 2558 1956 2600 Dominis
1987 2557 2228 2600 GILBERTO-

265 2651 317 2692 de
338 2649 605 2692 ELLESFELD
626 2652 728 2692 tunc
740 2649 984 2692 vicecomite
1006 2654 1148 2693 nostro
1169 2651 1222 2692 de
1245 2649 1531 2693 GLAMORGAN
1548 2682 1557 2691 .
1575 2650 1780 2692 RICARDO
1794 2650 1846 2691 de
1861 2648 2189 2691 TURBERVILLE
2207 2683 2214 2690 .

264 2740 468 2783 Omvnno
489 2741 542 2782 de
558 2740 729 2783 SANCTO
745 2740 775 2783 J
777 2755 965 2783 οΗΑΝΝΕ
982 2775 990 2785 .
1009 2741 1039 2784 J
1042 2755 1230 2783 OHANNE
1247 2741 1286 2784 le
1308 2741 1513 2784 NORRE1S
1537 2774 1546 2783 .
1570 2740 1805 2782 EDWARDO
1819 2741 1871 2782 de
1885 2739 2216 2782 STRADELYNGE

263 2830 472 2874 militibus
496 2865 503 2873 .
530 2830 788 2874 WILLELMO
816 2831 1043 2874 FLEMYNG
1081 2867 1088 2875 .
1123 2831 1293 2874 ΤΗΟΜΑ
1321 2833 1374 2874 de
1404 2831 1658 2873 BAUDRUPP
1681 2834 1723 2874 et
1745 2831 1853 2873 aliis.
1917 2830 2081 2872 Datum
2102 2831 2216 2885 apud

264 2921 490 2964 KAERDYF
512 2922 737 2964 xv111.die
767 2921 797 2965 J
800 2923 892 2964 unii
923 2937 1036 2966 anno
1068 2923 1191 2979 regni
1228 2922 1362 2979 Regis
1397 2922 1624 2964 Enwmm
1663 2920 1783 2964 tercii
1815 2924 1909 2977 post
1941 2923 2218 2976 conquestum

264 3012 475 3055 tricesimo
495 3013 689 3055 secundo.
756 3012 865 3069 [A.D.
891 3013 1039 3070 1358]
