2386 3645
1918 271 2027 312 1409

138 480 361 524 'summ
423 514 433 524 .
494 480 524 524 J
526 493 726 522 onANms
785 477 1078 520 FFAUKENER
1124 511 1132 519 .
1179 476 1431 520 WILLELMI
1476 477 1739 519 BALDEWYN
1801 510 1810 519 .
1870 477 2086 520 Pmmm

133 570 353 614 TYRRELL
387 605 395 614 .
438 570 687 614 WILLELMI
724 568 1000 610 HUBAREWE
1039 600 1048 609 .
1085 566 1253 609 THOME
1290 566 1496 610 CLYFTON
1529 601 1536 609 .
1570 567 1774 609 Romanu
1803 567 2043 610 WYLCHER
2074 602 2083 611 .

137 662 370 705 JOHANNIS
414 662 738 704 FFARNEWELL
781 693 790 702 .
833 658 1038 701 Romam
1079 657 1240 700 Smm
1273 658 1325 699 de
1360 691 1588 700 ......
1621 661 1662 700 et
1696 657 1898 700 Rossmm
1928 658 2086 701 Mom's

139 756 409 796 oneratorum
443 756 486 795 et
516 751 757 808 juratorum
790 764 916 806 super
950 749 1124 791 diversis
1153 749 1341 792 articulis
1361 749 1407 791 in
1432 749 1545 791 dicto
1568 748 1686 791 brevi
1716 749 1935 791 contentis.
1998 749 2086 796 Qui

136 844 284 886 dicunt
306 859 430 899 super
451 846 760 885 sacramentum
781 856 905 883 suum
927 841 1041 896 quod
1053 839 1083 883 J
1085 854 1296 882 OHANNES
1308 839 1478 882 BASSET
1493 839 1539 882 in
1555 839 1673 882 brevi
1688 839 1933 882 nominatus
1946 840 2086 882 tenuit

135 935 204 977 die
225 950 308 990 quo
329 934 435 977 obiit:
454 934 501 976 in
521 933 688 989 socagio
709 933 762 975 de
783 932 955 975 domino
976 931 1098 988 Rege
1128 930 1400 974 medietatem
1430 930 1610 973 manerii
1640 931 1692 973 de
1724 930 1984 977 QUENHULL
2013 945 2089 986 per

137 1025 360 1068 servicium
397 1024 605 1067 reddendi
633 1024 734 1066 inde
758 1038 834 1079 per
861 1037 1024 1065 annum
1051 1022 1224 1066 domino
1260 1021 1374 1078 Regi
1404 1037 1539 1064 unum
1572 1036 1719 1064 canem
1751 1022 1804 1064 de
1837 1025 1978 1064 meota
2012 1036 2087 1078 pro

133 1115 331 1159 omnibus
361 1115 557 1158 serviciis.
620 1115 681 1157 Et
709 1115 823 1170 quod
855 1114 969 1156 idem
1001 1113 1030 1156 J
1033 1127 1242 1155 OHANNES
1270 1127 1356 1156 non
1388 1112 1529 1156 tenuit
1561 1113 1704 1169 aliqua
1738 1113 1822 1155 alia
1853 1116 1985 1155 terras
2011 1127 2088 1156 nec

135 1211 380 1251 tenementa
399 1207 444 1250 in
467 1207 671 1250 comitatu
691 1206 881 1263 predicto
902 1206 970 1249 die
991 1220 1074 1262 quo
1095 1204 1212 1248 obiit.
1275 1205 1335 1247 Et
1352 1205 1466 1261 quod
1487 1205 1675 1261 predicta
1691 1205 1895 1247 medietas
1910 1205 2088 1247 manerii

135 1299 250 1342 valet
285 1314 360 1354 per
385 1313 546 1341 annum
585 1299 630 1341 in
666 1297 864 1341 omnibus
889 1296 1074 1340 exitibus
1105 1296 1219 1339 ultra
1249 1311 1344 1338 suas
1378 1296 1558 1352 reprisas
1588 1299 1770 1352 quatuor
1793 1311 1967 1339 marcas.
2029 1296 2088 1338 Et,

137 1391 250 1446 quod
270 1391 384 1434 idem
400 1391 430 1434 J
432 1405 643 1433 OHANNES
666 1390 835 1433 BAssET
856 1389 962 1432 obiit
983 1391 1101 1431 sexto
1122 1388 1190 1430 die
1212 1387 1471 1443 Septembris
1486 1387 1678 1444 proximo
1700 1387 1790 1444 jam
1821 1388 1973 1443 elapso.
2026 1387 2088 1430 Et

136 1483 250 1538 quod
271 1481 464 1524 THOMAS
485 1482 655 1525 BAssE'r
677 1481 811 1524 frater
831 1480 1026 1537 ejusdem
1047 1483 1109 1523 est
1129 1479 1405 1536 propinquior
1428 1478 1549 1521 heres
1574 1478 1766 1535 ejusdem
1797 1478 2026 1521 JOHANNIS
2047 1482 2089 1521 et

139 1578 200 1616 est
241 1573 366 1616 etatis
413 1573 657 1630 quindecim
700 1588 910 1616 annorum
950 1576 993 1615 et
1032 1571 1227 1627 amplius.
1304 1570 1360 1612 In
1397 1569 1520 1626 cujus
1558 1570 1619 1613 rei
1663 1570 1953 1613 testimonium
1991 1570 2091 1613 huic

136 1665 403 1721 inquisitioni
423 1665 634 1721 juratores
654 1665 835 1722 predicti
857 1664 999 1721 sigilla
1020 1679 1095 1707 sua
1116 1665 1414 1719 apposuerunt.

193 1756 359 1799 Datum
380 1757 448 1799 die
471 1761 513 1799 et
535 1771 647 1799 anno
670 1756 934 1813 supradictis.

193 1846 281 1876 John
301 1847 417 1876 Basset
433 1856 499 1877 was
520 1848 553 1876 of
576 1847 622 1877 St.
644 1846 762 1886 Hilary
782 1847 814 1876 in
832 1846 1044 1884 Glamorgan.
1062 1846 1125 1874 and
1142 1846 1218 1875 here
1233 1854 1369 1883 appears
1384 1853 1419 1873 as
1435 1844 1557 1882 having
1571 1843 1645 1874 held
1661 1845 1716 1873 the
1735 1843 1791 1883 [de
1807 1844 1946 1883 Cardiff]
1965 1845 2078 1874 Manor

145 1903 179 1931 of
194 1902 385 1941 Queenhull,
402 1903 455 1933 Co.
472 1903 665 1934 Gloucester
683 1903 874 1943 [DCXV1.]

978 2044 1260 2087 MLXXIII.

135 2151 529 2196 INSPEXIMUS
571 2153 660 2196 BY
713 2153 972 2197 THOMAS
1027 2153 1110 2196 LE
1158 2152 1536 2204 DESPENSER,
1588 2150 1757 2193 LORD
1814 2149 1892 2192 OF
1943 2148 2084 2192 GLA-

278 2243 562 2297 MORGAN,
618 2244 764 2297 ETO„
822 2245 958 2288 AND
1011 2244 1379 2288 ELIZABETH
1431 2243 1539 2286 HIS
1592 2241 1775 2294 WIFE,
1824 2241 1901 2283 OF
1954 2239 2085 2282 THE

279 2334 612 2378 GHARTERS
677 2336 755 2379 OF
817 2336 1099 2380 EDWARD
1160 2335 1267 2378 HIS
1322 2333 1596 2385 FATHER,
1654 2333 1707 2374 32
1759 2331 1918 2375 EDW.
1976 2330 2083 2382 111„

276 2426 412 2468 AND
453 2426 647 2469 HUGH
689 2426 798 2470 HIS
837 2426 1296 2478 GREATUNGLE,
1340 2428 1394 2468 14
1434 2424 1595 2468 EDW.
1652 2423 1759 2476 111„
1819 2423 1894 2465 TO
1951 2422 2081 2464 THE

277 2516 636 2560 BURGESSES
716 2517 796 2560 OF
872 2517 1161 2570 CARDIFF,
1223 2517 1400 2561 WITH
1461 2513 1942 2559 OONFIRMATION
2003 2513 2081 2556 OF

279 2606 410 2650 THE
452 2607 634 2650 SAME.

805 2665 1032 2722 [CARDIFF
1064 2665 1418 2722 CORPORAHON]

1327 2758 1380 2798 16
1402 2756 1512 2798 FER.
1574 2756 1628 2797 20
1651 2754 1748 2796 R1c.
1771 2753 1835 2796 II.
1900 2753 2023 2794 1397.

191 2844 381 2888 THoMAs
410 2847 450 2888 le
486 2845 755 2889 DESPENSER
788 2848 901 2890 filius
933 2852 975 2891 et
1009 2849 1129 2891 heres
1169 2848 1346 2890 Domini
1386 2847 1611 2889 EDWARDI
1651 2846 1691 2887 le
1731 2844 1999 2887 DESPENSER
2038 2846 2081 2885 et

134 2934 319 2978 Domine
368 2936 662 2980 ELIZABETHE
706 2940 909 2982 consortis
953 2955 1026 2982 sue
1070 2940 1283 2982 Dominus
1319 2939 1678 2982 GLAMORGANCIE
1721 2940 1762 2979 et
1806 2936 2082 2978 MORGANCIE

134 3027 329 3070 omnibus
350 3028 504 3072 Sancte
525 3031 672 3073 matris
694 3032 863 3074 ecclesie
885 3031 984 3074 filiis
1005 3032 1060 3073 ad
1081 3046 1184 3086 quos
1204 3045 1374 3087 presens
1394 3030 1597 3085 scriptum
1617 3028 1855 3084 pervenerit
1887 3027 2080 3069 salutem,

339 3160 407 3195 813
