2386 3645
324 280 435 322 1320

264 489 308 529 et
327 486 508 542 singulis
527 486 695 543 juribus
715 489 758 528 et
778 486 1048 542 pertinenciis
1067 485 1154 528 suis
1174 485 1298 528 dictis
1317 484 1522 542 magistro
1552 485 1581 528 J
1584 499 1759 527 OHANNI
1782 485 1835 526 de
1865 483 2136 526 SWEYNEsEE
2166 487 2209 526 et

265 577 568 621 successoribus
598 578 684 620 suis
716 577 762 620 in
793 578 942 619 eadem
972 576 1284 633 Hospitalitate
1317 579 1367 618 ut
1398 576 1611 632 prefertur
1642 575 1835 632 legitime
1864 573 2126 617 intrantibus
2157 575 2209 617 de

265 668 517 724 capitalibus
533 668 717 711 dominis
736 668 853 711 feodi
872 668 989 710 illius
1009 682 1083 724 per
1103 667 1277 710 servicia
1300 668 1401 709 inde
1417 666 1560 710 debita
1580 670 1623 708 et
1643 668 1843 709 consueta
1861 665 2176 722 imperpetuum
2198 698 2207 708 .

264 760 393 802 Salva
417 760 541 802 dictis
565 759 710 802 abbati
737 762 780 802 et
810 758 1037 802 conventui
1061 774 1108 801 ac
1132 757 1263 814 priori
1288 758 1499 814 prioratus
1524 771 1669 799 eorum
1694 757 1746 798 de
1774 755 1985 798 EWENNY
2008 755 2210 812 pensione

261 851 443 893 duarum
481 865 719 892 marcarum
755 865 883 906 quam
923 849 1081 892 habent
1113 852 1156 891 et
1186 848 1428 891 habuerunt
1459 847 1514 890 ab
1548 847 1724 902 antiquo
1760 846 1984 890 annuatim
2015 847 2062 888 in
2097 847 2212 889 dicta

264 941 436 984 ecclesia
456 944 499 984 et
519 940 572 983 ab
593 956 642 983 ea
662 941 901 996 pertinente
932 941 987 982 ad
1006 939 1243 996 prioratum
1263 954 1389 981 suum
1408 939 1460 980 de
1481 937 1692 980 EWENNY
1712 937 1978 980 antedictum
1999 971 2008 980 .
2031 937 2211 994 percipi-

263 1034 374 1076 enda
393 1032 440 1074 in
461 1032 633 1075 ecclesia
654 1033 706 1074 de
728 1030 1077 1074 OYSTREMOUTH'
1095 1030 1276 1086 singulis
1291 1030 1415 1072 annis
1435 1044 1460 1071 a
1476 1029 1647 1072 custode
1664 1028 1776 1071 dicte
1797 1028 2120 1084 Hospitalitatis
2136 1027 2212 1084 qui

261 1139 338 1181 pro
359 1127 548 1180 tempore
569 1123 700 1165 fuerit
720 1124 775 1165 ad
795 1124 900 1165 duos
921 1122 1023 1164 anni
1043 1122 1246 1164 terminos
1266 1120 1463 1163 videlicet
1482 1121 1538 1162 ad
1567 1120 1674 1162 festa
1702 1119 1850 1162 Sancti
1880 1119 2140 1162 MIoHAELIs
2165 1121 2209 1162 et

259 1214 605 1258 annunciacionis
625 1213 746 1256 beate
768 1213 928 1255 MAROE
949 1228 1023 1268 per
1038 1212 1208 1267 equales
1223 1211 1452 1267 porciones.
1512 1210 1585 1253 Ita
1606 1211 1720 1267 quod
1740 1210 1775 1252 si
1795 1213 1933 1253 custos
1954 1209 2206 1266 hujusmodi

260 1306 372 1348 dicte
403 1304 726 1361 Hospitalitatis
755 1304 800 1346 in
831 1303 1042 1346 solucione
1063 1303 1173 1345 dicte
1203 1302 1418 1358 pensionis
1438 1302 1505 1344 vel
1535 1301 1679 1358 aliqua
1705 1304 1826 1357 parte
1853 1301 2047 1358 ejusdem
2067 1301 2211 1356 aliquo

260 1396 444 1439 termino
465 1395 690 1438 solucionis
709 1394 841 1451 ipsius
861 1399 904 1437 et
923 1409 998 1450 per
1018 1393 1278 1450 quindenam
1299 1393 1549 1449 hujusmodi
1568 1392 1802 1436 terminum
1822 1393 2015 1449 proxime
2032 1407 2210 1448 sequen-

264 1490 352 1530 tem
383 1486 584 1529 defecerit
613 1486 682 1528 vel
712 1485 934 1528 cessaverit
956 1518 964 1527 .
988 1485 1169 1540 duplum
1198 1483 1446 1541 hujusmodi
1467 1483 1683 1540 pencionis
1704 1499 1833 1540 quam
1853 1484 1899 1526 in
1920 1483 2104 1526 termino
2126 1498 2209 1540 quo

260 1579 319 1622 sic
348 1578 551 1620 defecerit
580 1577 648 1619 vel
681 1576 903 1619 cessaverit
933 1575 1092 1618 solvere
1122 1575 1348 1618 tenebatur
1379 1609 1389 1618 .
1420 1576 1595 1617 reddere
1617 1578 1660 1618 et
1688 1575 1848 1618 solvere
1868 1578 2067 1618 teneatur
2086 1576 2212 1618 dictis

259 1669 469 1726 religiosis
500 1684 574 1711 seu
603 1667 736 1724 priori
765 1681 912 1710 eorum
947 1666 1188 1723 supradicto
1218 1681 1305 1708 una
1336 1682 1432 1709 cum
1463 1666 1660 1710 omnibus
1690 1667 1886 1723 expensis
1930 1670 1972 1710 et
2011 1667 2213 1710 interesse

258 1761 555 1817 religiosorum
585 1762 628 1802 et
657 1758 807 1815 prioris
833 1758 1120 1815 predictorum
1147 1773 1197 1800 ea
1227 1757 1442 1801 occasione
1469 1758 1607 1800 factis.
1683 1757 1757 1801 Ad
1778 1759 1892 1814 quod
1922 1761 1966 1801 et
1985 1759 2040 1801 ad
2068 1758 2212 1801 omnia

264 1851 548 1908 suprascripta
569 1852 779 1906 quatenus
809 1864 878 1892 eos
909 1849 1123 1892 concernit
1147 1849 1330 1891 fideliter
1358 1849 1553 1891 facienda
1574 1851 1617 1891 et
1637 1848 1900 1892 observanda
1923 1883 1931 1891 .
1954 1865 1996 1891 se
2018 1849 2214 1905 obligant

263 1944 403 1987 dictus
432 1942 637 1999 magister
666 1941 696 1984 J
698 1954 908 1983 OHANNES
941 1943 984 1982 et
1014 1940 1302 1995 concapellani
1332 1940 1442 1983 dicte
1473 1941 1625 1983 domus
1655 1943 1697 1982 et
1727 1940 1949 1997 hospitalis
1978 1955 2055 1997 pro
2091 1956 2134 1983 se
2169 1943 2212 1983 et

265 2033 570 2078 successoribus
600 2033 686 2075 suis
716 2033 891 2074 domum
922 2033 965 2073 et
995 2030 1351 2087 Hospitalitatem
1381 2032 1614 2074 eorundem
1643 2030 1804 2074 ibidem
1825 2064 1835 2074 .
1859 2046 1906 2074 ac
1928 2031 2072 2074 omnia
2101 2030 2214 2075 bona

264 2141 411 2170 eorum
430 2124 647 2181 presencia
667 2125 710 2166 et
730 2122 878 2165 futura
900 2156 908 2165 .
933 2125 975 2164 et
995 2122 1229 2178 specialiter
1248 2125 1381 2164 terras
1401 2123 1593 2167 redditus
1613 2125 1655 2164 et
1675 2125 1920 2166 tenementa
1945 2138 2028 2178 que
2055 2122 2215 2166 habent

263 2217 306 2260 in
340 2213 609 2258 KYLvRocH’
631 2214 678 2256 in
709 2213 965 2256 GOUWERIA
985 2227 1082 2255 eum
1112 2212 1308 2256 omnibus
1329 2212 1608 2256 existentibus
1637 2213 1683 2255 in
1713 2213 1885 2256 eisdem.
1946 2213 2003 2255 In
2034 2228 2215 2269 quorum

265 2307 457 2351 omnium
482 2305 774 2348 testimonium
801 2306 892 2346 tam
915 2303 1095 2359 predicti
1116 2302 1245 2346 abbas
1266 2305 1308 2346 et
1329 2307 1560 2346 conventus
1582 2318 1711 2359 quam
1732 2303 1866 2346 eciam
1887 2304 1990 2347 dicti
2010 2304 2216 2361 magister

266 2399 297 2443 J
299 2411 510 2441 OHANNEs
541 2398 584 2438 et
614 2394 901 2451 concapellani
928 2394 1012 2437 hiis
1040 2394 1195 2437 litteris
1223 2394 1336 2437 inter
1357 2409 1427 2437 eos
1454 2394 1688 2437 indentatis
1719 2398 1761 2437 et
1787 2410 1863 2452 per
1892 2396 2068 2438 modum
2095 2410 2216 2451 cyro-

269 2488 424 2547 graphi
444 2487 646 2531 confectis
666 2486 809 2542 sigilla
828 2500 904 2528 sua
925 2485 1170 2528 alternatim
1192 2488 1491 2541 apposuerunt.

327 2580 494 2624 Datum
543 2593 627 2634 quo
677 2578 733 2620 ad
781 2576 979 2620 abbatem
1029 2581 1071 2620 et
1120 2579 1376 2620 conventum
1415 2576 1625 2632 predictos
1664 2577 1711 2619 in
1751 2577 2006 2620 monasterio
2045 2577 2218 2620 illorum

270 2672 580 2715 GLoucESTRIE
620 2669 733 2711 dicto
774 2670 892 2711 sexto
931 2667 1001 2710 die
1040 2668 1198 2710 mensis
1237 2667 1442 2724 Augusti.
1517 2667 1579 2710 Et
1617 2682 1701 2723 quo
1741 2668 1796 2710 ad
1835 2668 1968 2725 sigilli
2007 2668 2218 2711 dictorum

271 2760 468 2818 magistri
507 2762 550 2803 et
590 2759 985 2815 concapellanorum
1024 2756 1352 2815 apposicionem'
1376 2759 1491 2814 apud
1532 2757 1800 2801 SWEYNESSE
1841 2773 1954 2801 nono
1995 2758 2064 2801 die
2114 2758 2218 2802 dicti

271 2844 428 2888 mensis
448 2842 640 2899 Augusti
661 2857 774 2885 anno
795 2843 1048 2898 supradicto.

318 2935 380 2978 Et
405 2934 506 2990 quia
531 2948 609 2976 nos
637 2933 856 2989 episcopus
885 2935 930 2976 et
956 2933 1191 2989 capitulum
1219 2933 1424 2975 antedicti
1452 2932 1600 2975 habita
1625 2947 1750 2988 super
1773 2931 1987 2988 premissis
2014 2931 2221 2975 delibera-

271 3027 389 3070 cione
420 3024 645 3068 sufficienti
666 3024 946 3081 comperimus
967 3024 1110 3067 omnia
1130 3024 1333 3080 premissa
1352 3023 1399 3066 in
1420 3023 1652 3066 utilitatem
1674 3025 1718 3066 et
1738 3023 2007 3066 commodum
2028 3023 2219 3078 parcium
