2386 3645
287 271 397 311 1618

220 475 407 517 fatemur
441 491 517 517 nos
548 476 639 518 fore
673 476 830 518 solutos
866 476 1111 530 dictumque
1147 475 1344 517 abbatem
1368 476 1420 517 de
1455 475 1673 518 MARGAN'
1708 476 1807 518 inde
1847 490 1933 518 esse
1968 477 2160 531 quietum

222 581 296 621 per
317 569 528 620 presentes
550 566 692 622 sigillo
713 569 855 608 nostro
878 567 1079 622 signatas.

275 656 439 699 Datum
490 658 604 712 apud
644 656 951 699 TEUKESBURY
992 656 1144 698 ultimo
1196 657 1265 698 die
1305 657 1462 699 mensis
1511 656 1666 698 Marcii
1706 672 1818 699 anno
1857 658 1980 713 regni
2029 658 2160 713 Regis

220 746 425 789 HENRICI
446 749 554 790 sexti
574 751 668 804 post
690 751 966 803 conquestum
986 747 1182 789 vicesimo
1204 747 1393 802 septimo.

276 838 544 894 Fragments,
566 839 612 880 in
634 853 764 894 green
786 853 893 887 wax,
917 837 961 879 of
982 837 1055 879 the
1077 840 1281 879 secretum
1303 837 1347 879 of
1367 837 1514 880 Abbot
1534 837 1563 880 J
1566 852 1659 879 OHN
1687 838 1885 893 (MCLXV.)

1022 1043 1349 1087 MOLXXXV.

213 1151 480 1195 PREOIPE
512 1153 598 1195 BY
641 1152 929 1195 RIOHARD
973 1152 1268 1199 NEVILLE,
1301 1152 1471 1194 EARL
1512 1152 1590 1195 OF
1621 1152 1955 1206 WARWICK,
1988 1153 2155 1196 LORD

355 1243 731 1294 DESPENSER,
756 1242 922 1285 LORD
954 1243 1031 1284 OF
1059 1241 1467 1294 GLAMORGAN,
1494 1242 1777 1292 MORGAN,
1801 1244 1934 1286 AND
1964 1245 2154 1287 ABER-

353 1333 676 1385 GAVENNY,
715 1333 791 1376 ΤΟ
843 1334 973 1376 THE
1025 1332 1346 1385 SHERIFFS,
1398 1333 1543 1384 ETO„
1595 1333 1964 1377 DECREEING
2013 1335 2154 1378 PRO-

351 1424 622 1467 TEOTION
654 1425 731 1467 OF
762 1424 1052 1468 MARGAM.

911 1532 1142 1589 [MARGAM
1190 1531 1447 1589 CHARTER]

1275 1640 1331 1681 24
1352 1639 1534 1682 MARCH.
1599 1641 1654 1682 28
1676 1640 1802 1682 ΗΕΝ.
1826 1640 1908 1684 VI.
1973 1643 2095 1685 1450.

265 1748 496 1790 RmARnUs
517 1748 714 1790 NEVILL'
745 1763 881 1790 comes
902 1748 1207 1791 WARREWICK
1238 1748 1435 1790 dominus
1455 1748 1495 1789 le
1524 1747 1796 1790 DESPENCER
1817 1749 2014 1791 dominus
2036 1749 2152 1792 GLA-

207 1853 465 1881 MORGANCIE
487 1842 530 1881 et
550 1839 825 1882 MORGANCIE
847 1843 890 1882 et
911 1841 963 1882 de
995 1840 1313 1882 BERGEVENNY
1334 1839 1529 1881 omnibus
1549 1839 1865 1882 vicecomitibus
1886 1842 2153 1884 seneschallis

204 1930 525 1972 constabulariis
578 1946 626 1972 ac
681 1931 877 1973 omnibus
932 1931 1026 1973 aliis
1081 1931 1248 1972 ballivis
1299 1930 1504 1972 ministris
1544 1933 1585 1972 et
1625 1930 1822 1973 fidelibus
1869 1932 2153 1975 dominiorum

205 2024 444 2062 nostrorum
466 2020 827 2063 GLAMORGANCIE
849 2025 891 2063 et
913 2021 1186 2064 MORGANCIE
1209 2022 1403 2063 salutem.

265 2111 336 2153 Ex
358 2112 478 2167 gravi
500 2113 671 2167 querela
691 2113 986 2169 religiosorum
1012 2113 1196 2155 virorum
1217 2128 1264 2154 ac
1285 2116 1499 2155 oratorum
1520 2115 1760 2154 nostrorum
1782 2112 1949 2155 ΤΗΟΜΕ
1972 2113 2150 2155 FFRAN-

208 2217 362 2244 KELEN
412 2202 577 2245 abbatis
604 2207 646 2245 et
685 2209 917 2246 conventus
956 2204 1201 2246 monasterii
1233 2203 1355 2246 beate
1385 2203 1544 2245 MARIE
1581 2204 1633 2245 de
1666 2203 1881 2245 MORGAN’
1918 2204 2153 2259 accepimus

209 2294 322 2348 quod
355 2293 529 2348 quidam
564 2293 711 2336 ballivi
745 2309 791 2336 ac
823 2294 1009 2337 ministri
1042 2296 1175 2336 nostri
1204 2294 1312 2336 circa
1341 2294 1512 2336 ffestum
1547 2293 1871 2336 circumcisionis
1899 2294 2076 2336 Domini
2108 2311 2156 2338 ac

207 2384 301 2426 aliis
331 2384 507 2426 diversis
542 2384 702 2426 vicibus
735 2400 830 2427 cum
864 2400 1021 2440 magna
1051 2385 1329 2427 multitudine
1357 2385 1544 2426 virorum
1571 2399 1619 2425 ac
1648 2399 1852 2439 equorum
1880 2385 2058 2427 veniunt
2099 2387 2153 2428 ad

210 2475 372 2517 dictum
399 2476 704 2518 monasterium
724 2476 769 2517 in
790 2491 993 2532 magnam
1021 2476 1331 2532 oppressionem
1361 2475 1571 2517 dictorum
1596 2474 1761 2517 abbatis
1792 2478 1834 2517 et
1861 2479 2092 2518 conventus
2113 2482 2154 2519 et

211 2565 265 2607 ab
285 2565 387 2621 ipsis
417 2569 570 2621 petunt
591 2571 633 2608 et
654 2567 862 2621 recipiunt
895 2567 1079 2608 diversas
1099 2567 1375 2622 pecuniarum
1405 2581 1591 2607 summas
1616 2566 1787 2608 nomine
1808 2565 1923 2608 feodi
1944 2567 2003 2608 eis
2024 2567 2158 2609 debiti

209 2671 256 2698 ac
297 2657 429 2698 eciam
470 2657 679 2712 colligunt
719 2673 842 2713 super
882 2661 1075 2700 tenentes
1121 2657 1184 2714 [et
1225 2656 1574 2712 molendinarios]
1619 2671 1715 2698 suos
1751 2657 1884 2698 colore
1925 2658 2154 2700 officiorum

208 2763 379 2790 suorum
410 2748 633 2802 pecuniam
663 2748 857 2790 bidentes
879 2752 922 2791 et
956 2749 1040 2790 alia
1068 2749 1232 2790 diversa
1255 2748 1396 2790 averia
1426 2751 1468 2789 et
1495 2747 1689 2789 similiter
1717 2749 1908 2789 vendunt
1939 2748 2155 2790 servisiam

208 2840 250 2880 et
269 2837 465 2879 tabernas
480 2838 525 2879 in
542 2840 855 2894 oppressionem
872 2841 1081 2882 dictorum
1103 2840 1267 2882 abbatis
1289 2842 1331 2881 et
1348 2842 1578 2881 conventus
1591 2841 1632 2880 et
1649 2839 1892 2880 tenencium
1912 2838 1975 2895 [et
1992 2840 2151 2881 molen-

208 2929 491 2986 dinariorum]
517 2945 689 2972 suorum
710 2932 1006 2986 predictorum.
1069 2931 1130 2974 Et
1162 2931 1258 2973 ideo
1287 2931 1405 2973 vobis
1425 2934 1467 2972 et
1489 2929 1662 2972 cuilibet
1681 2934 1869 2972 vestrum
1899 2931 2153 2986 precipimus

209 3022 251 3062 et
287 3019 559 3076 prohibemus
594 3023 709 3077 quod
739 3023 908 3066 nullum
940 3023 1025 3065 tale
1053 3023 1227 3065 feodum
1263 3022 1454 3064 decetero
1491 3021 1647 3076 petatis
1682 3036 1759 3063 nec
1787 3021 1940 3076 aliquis
1967 3024 2153 3063 vestrum
