2386 3645
280 263 394 305 1324

219 471 343 514 uxori
373 470 468 528 ejus
489 474 532 514 et
551 470 777 514 heredibus
796 470 908 513 inter
936 469 1049 526 ipsos
1077 469 1290 526 legittime
1310 468 1537 525 procreatis
1559 466 1692 511 libere
1710 465 1818 510 bene
1839 468 1882 508 et
1901 465 1948 508 in
1969 480 2070 522 pace
2089 480 2165 522 per

217 561 393 605 servicia
421 562 522 604 inde
542 561 687 605 debita
705 563 749 604 et
768 562 821 604 de
847 560 944 618 jure
974 563 1184 604 consueta.
1246 559 1308 602 Et
1337 559 1373 602 si
1402 558 1623 615 contingat
1653 558 1768 614 quod
1797 558 1935 599 dictus
1964 556 2163 601 dominus

217 651 514 695 LAURENCIUS
528 654 572 695 et
584 652 890 694 ELYZABETHA
903 666 1010 694 uxor
1026 651 1064 708 ej
1070 666 1120 694 us
1135 649 1292 706 absque
1305 650 1458 693 herede
1472 649 1585 692 inter
1599 649 1710 705 ipsos
1721 647 1934 704 legittime
1948 651 2165 704 procreato

217 743 400 787 obierint
415 777 423 786 .
443 747 600 786 extunc
612 743 809 786 volumus
824 745 867 785 et
882 743 1160 786 concessimus
1175 742 1289 798 quod
1305 740 1449 784 omnia
1462 740 1655 797 predicta
1669 772 1678 781 .
1696 738 1885 781 maneria
1898 741 1939 781 et
1954 737 2166 796 burgagia

215 849 312 877 cum
333 834 530 878 omnibus
550 834 637 877 suis
651 834 924 891 pertinenciis
946 867 954 876 .
977 836 1225 876 remaneant
1245 832 1436 889 predicto
1455 831 1629 874 domino
1650 829 1919 872 LAURENCIO
1938 829 2164 873 heredibus

215 926 302 969 suis
332 928 376 968 et
404 925 631 982 assignatis
662 940 738 981 per
767 925 942 967 servicia
971 924 1214 980 supradicta
1245 957 1254 966 .
1286 923 1614 979 imperpetuum.
1682 920 1744 963 Et
1772 935 1851 963 nos
1879 935 1979 964 vero
2008 921 2166 977 prefati

217 1016 460 1060 JOHANNES
482 1016 672 1059 THoMAs
692 1019 736 1059 et
756 1015 943 1058 Tnoms
963 1018 1006 1059 et
1024 1015 1199 1057 heredes
1218 1014 1353 1057 nostri
1382 1014 1526 1056 omnia
1554 1012 1744 1069 predicta
1773 1011 1964 1054 maneria
1993 1014 2036 1056 et
2065 1012 2164 1055 bur-

218 1107 350 1164 gagia
371 1122 468 1150 cum
488 1107 685 1150 omnibus
705 1105 1030 1149 comoditatibus
1058 1104 1328 1148 libertatibus
1357 1107 1400 1147 et
1429 1103 1626 1147 omnibus
1655 1103 1750 1146 aliis
1778 1103 2051 1160 pertinenciis
2081 1103 2168 1146 suis

215 1198 416 1255 predictis
437 1197 609 1240 domino
629 1197 898 1240 LAURENCIO
917 1201 961 1239 et
987 1196 1291 1238 ELYZABETHE
1321 1195 1445 1238 uxori
1475 1195 1569 1251 ejus
1599 1196 1642 1237 et
1671 1193 1898 1238 heredibus
1921 1194 2034 1237 inter
2053 1195 2165 1251 ipsos

214 1289 428 1346 legittime
448 1288 677 1345 procreatis
698 1321 708 1331 .
731 1291 774 1330 et
801 1288 837 1330 si
865 1287 996 1330 iidem
1017 1286 1215 1330 dominus
1234 1285 1530 1329 LAURENCIUS
1550 1288 1593 1328 et
1613 1285 1921 1328 ELYZABETHA
1943 1300 2052 1328 uxor
2072 1285 2167 1342 ejus

213 1380 304 1424 sine
325 1380 479 1424 herede
499 1380 552 1423 de
573 1395 616 1423 se
636 1379 848 1436 legittime
860 1382 1077 1435 procreato
1093 1378 1276 1422 obierint
1299 1412 1307 1421 .
1330 1378 1520 1434 predicto
1532 1377 1705 1420 domino
1718 1377 1986 1420 LAURENcm
1999 1377 2163 1420 heredi-

213 1471 292 1514 bus
305 1471 390 1514 suis
406 1473 449 1514 et
465 1470 691 1527 assignatis
705 1470 751 1512 in
768 1472 858 1513 tota
871 1470 1009 1513 forma
1023 1469 1254 1526 prescripta
1267 1472 1413 1512 contra
1426 1483 1572 1511 omnes
1584 1471 1734 1525 gentes
1749 1468 1950 1511 mortales
1964 1469 2164 1511 waranti-

211 1562 402 1605 zabimus
432 1565 476 1605 et
506 1562 786 1604 defendemus
812 1561 1139 1617 imperpetuum.
1212 1560 1269 1603 In
1297 1560 1420 1617 cujus
1446 1560 1508 1602 rei
1534 1560 1828 1603 testimonium
1854 1559 1954 1602 huic
1979 1561 2167 1617 presenti

211 1655 324 1696 carte
345 1652 489 1708 sigilla
509 1654 656 1695 nostra
676 1652 960 1708 apposuimus.
1022 1651 1126 1694 Hiis
1141 1651 1320 1694 testibus
1336 1685 1344 1693 .
1363 1651 1535 1694 domino
1556 1651 1791 1693 EDWARDO
1812 1651 2165 1694 STRADDELINGE

209 1744 346 1787 milite
359 1743 604 1786 vicecomite
615 1742 1024 1800 GLAM[0RGANCIE]
1043 1746 1086 1785 et
1101 1741 1421 1799 Mene-[Artem]
1440 1776 1449 1785 .
1465 1742 1732 1785 LAURENCIO
1740 1742 1948 1785 NORREIS
1965 1775 1974 1784 .
1993 1743 2166 1786 domino

210 1835 316 1878 ADA
357 1850 411 1891 ap
451 1833 633 1877 BARTH'
679 1848 858 1890 persona
898 1833 1068 1877 ecclesie
1107 1835 1160 1876 de
1200 1834 1456 1876 PENTHLYN
1490 1867 1498 1876 .
1532 1834 1705 1877 domino
1745 1833 1775 1877 J
1777 1848 1967 1876 OHANNF.
2006 1833 2165 1876 DENYS

209 1941 389 1982 persona
418 1925 588 1968 ecclesie
610 1926 663 1967 de
689 1923 858 1968 AvENE
882 1958 890 1966 .
913 1924 944 1967 J
946 1939 1134 1967 OHANNE
1156 1924 1313 1967 mes
1334 1925 1421 1968 filio
1443 1924 1693 1969 WILLELMI
1715 1924 1874 1967 DENYs
1900 1959 1908 1967 .
1932 1925 2089 1967 DAvm
2110 1939 2164 1981 ap

214 2016 447 2060 GROEFITH
468 2015 739 2059 LEGADWYN
762 2049 771 2058 .
795 2015 1054 2059 WILLELMO
1075 2015 1177 2058 Em
1198 2018 1240 2058 et
1260 2015 1366 2058 aliis.

271 2107 438 2150 Datum
487 2107 604 2164 apud
652 2106 699 2150 N
701 2121 1205 2149 ORCHARDBERKEROLES
1254 2107 1322 2149 die
1363 2107 1575 2150 dominica
1626 2107 1822 2162 proxima
1875 2110 1972 2163 post
2009 2107 2169 2150 festum

212 2198 455 2241 nativitatis
473 2197 596 2241 beate
617 2197 777 2240 MARIE
798 2197 1017 2242 VIRGINIS
1038 2213 1151 2240 anno
1170 2198 1294 2254 regni
1310 2197 1445 2255 Regis
1464 2198 1692 2240 EDWARDI
1715 2199 1836 2241 tercii
1857 2203 1952 2254 post
1967 2213 2168 2255 conques-

214 2294 309 2332 tum
326 2288 651 2346 quadragesimo
673 2288 813 2331 tercio.

272 2380 396 2423 Deed
425 2380 526 2437 poll.
590 2383 600 2402 ‘
617 2379 662 2423 A
692 2381 800 2422 deed
829 2378 889 2435 by
920 2379 1120 2422 Trustees
1159 2379 1337 2436 settling
1365 2380 1439 2422 the
1470 2380 1737 2423 Berkerosses
1767 2383 1922 2423 estates
1951 2396 2066 2437 upon
2097 2380 2171 2424 the

214 2471 426 2528 marriage
446 2471 492 2514 of
521 2470 741 2513 Laurence
763 2471 815 2513 de
835 2470 1131 2513 Berkerolles.'

276 2562 415 2605 Three
447 2562 567 2604 seals.
629 2561 807 2614 Dexter,
843 2561 888 2603 of
918 2576 1049 2618 green
1073 2576 1182 2614 WaX,
1213 2561 1391 2617 bearing
1416 2577 1441 2604 a
1469 2562 1648 2618 squirrel
1674 2562 1733 2618 sej
1741 2565 1828 2612 ant,
1852 2562 2000 2619 cating
2028 2577 2053 2605 a
2077 2565 2169 2605 nut.

878 2656 888 2675 ‘
905 2652 937 2694 s'
971 2687 980 2696 .
1014 2667 1205 2695 HENRICI
1239 2688 1247 2696 .
1283 2687 1292 2694 .
1326 2686 1335 2695 .
1371 2686 1379 2695 .
1412 2653 1523 2696 son)

276 2743 441 2786 Second.
461 2743 548 2786 seal
569 2744 776 2800 wanting.
838 2743 1019 2788 Sinister
1034 2744 1134 2796 scal,
1155 2745 1231 2786 red
1251 2759 1346 2786 wax
1364 2759 1372 2786 :
1406 2744 1563 2796 device,
1586 2759 1611 2786 a
1631 2744 1730 2787 hart
1759 2745 1965 2801 trippant.

278 2835 576 2878 Endorsed—‘
592 2835 696 2877 Este
719 2835 900 2878 Orchart
919 2835 1108 2891 Lanffey
1129 2838 1172 2878 et
1192 2835 1528 2879 Marthelmaure
1549 2839 1664 2879 carta
1684 2836 1880 2879 talliata.'
