2386 3645
1992 295 2099 337 1621

1005 513 1385 558 MOLXXXVII.

221 621 611 665 INSPEXIMUS
657 620 742 663 BY
793 620 1082 663 RIOHARD
1132 621 1428 672 NEVILLE,
1479 621 1649 664 EARL
1700 622 1777 665 OF
1823 623 2154 676 WARWIGK,

367 713 500 755 AND
531 712 710 755 ANNE
731 711 839 754 HIS
861 711 1043 762 WIFE,
1067 711 1144 753 OF
1168 713 1226 766 (1)
1253 712 1382 754 THE
1406 712 1706 756 OHARTER
1728 714 1805 756 OF
1833 713 2157 766 18ABEhLA,

367 802 679 847 OOUNTESS
730 802 808 845 OF
858 801 1250 854 WOROESTER,
1301 802 1477 845 LADY
1528 803 1610 846 LA
1659 804 2021 848 DESPENSER
2080 805 2157 848 OF

372 893 778 946 GLAMORGAN,
825 894 877 935 13
913 892 1093 945 JUNE,
1130 895 1252 945 1423,
1291 893 1598 937 WHEREIN
1629 895 1685 938 Is
1717 895 2062 939 INSPEOTE'D
2099 898 2158 952 (2)

375 984 505 1027 THE
553 983 853 1026 GHARTER
899 983 976 1025 OF
1019 983 1274 1026 THOMAS
1323 984 1402 1026 LE
1447 985 1830 1038 DESPENSER,
1870 986 2036 1029 LORD
2084 987 2161 1029 OF

371 1073 778 1126 GLAMORGAN,
801 1073 1132 1116 GRANTING
1154 1074 1531 1118 PRIVILEGES
1563 1076 1638 1118 ΤΟ
1661 1076 1791 1118 THE
1813 1076 2164 1121 BURGESSES

371 1165 448 1207 OF
480 1165 767 1215 OARDIFF,
801 1166 925 1216 1397,
958 1164 1136 1208 WITH
1168 1164 1649 1209 CONFIRMATION
1678 1167 1812 1209 AND
1845 1167 2058 1210 GRANT
2090 1168 2166 1210 OF

373 1256 681 1298 FUR'PHER
717 1255 1107 1298 PRIVILEGES.

882 1362 1176 1415 [UNCERTAIN
1219 1363 1528 1421 mmmmm]

1305 1473 1357 1513 12
1379 1472 1562 1514 MARCH.
1625 1473 1679 1514 29
1702 1473 1827 1514 HEN.
1850 1472 1932 1515 VI.
1998 1474 2118 1515 1451.

291 1579 522 1620 RICARDUS
552 1578 733 1620 NEVILL
767 1593 903 1620 comes
926 1578 1211 1621 WARREWIcr
1240 1580 1437 1621 dominus
1463 1580 1502 1621 le
1531 1579 1797 1622 DESPENSER
1827 1580 2111 1623 GLAMORGAN
2138 1584 2179 1623 et

232 1669 432 1712 MORGAN
455 1676 496 1711 et
516 1668 657 1711 ANNA
680 1685 784 1712 uxor
806 1670 899 1725 ejus
919 1669 1114 1711 omnibus
1135 1674 1346 1725 presentes
1366 1670 1510 1712 literas
1531 1675 1694 1712 nostras
1714 1671 1965 1726 inspecturis
1987 1672 2177 1714 salutem.

290 1759 562 1815 Inspeximus
596 1761 740 1802 literas
770 1763 963 1815 patentes
997 1760 1206 1801 carissime
1228 1761 1375 1802 matris
1395 1767 1535 1802 nostre
1557 1760 1778 1802 ISABELLE
1808 1777 1944 1817 nuper
1971 1762 2180 1804 eomitissa

235 1851 522 1894 WARREWICI
545 1851 715 1893 domine
736 1850 779 1892 la
800 1850 1068 1892 DESPENSER
1091 1849 1377 1892 GLAMORGAN
1400 1854 1441 1892 et
1462 1850 1662 1892 MORGAN
1685 1851 1807 1893 factis
1826 1852 1872 1893 in
1893 1852 1968 1894 hec
1990 1851 2127 1894 verba.

384 1942 443 1996 (1)
479 1941 700 1983 IsABELLA
731 1942 941 1983 comitissa
963 1941 1212 1983 W1G0Rx1ss
1244 1941 1415 1983 domina
1446 1943 1487 1983 la
1518 1942 1788 1984 DESPENSER
1819 1942 2180 1985 GLAMORGANCIE

322 2036 365 2074 et
414 2032 689 2074 MORGANCIE
740 2032 936 2074 omnibus
986 2032 1181 2074 fidelibus
1231 2033 1284 2073 ad
1333 2048 1436 2087 quos
1483 2036 1696 2088 presentes
1735 2033 1875 2075 littere
1916 2034 2182 2089 pervenerint

323 2122 515 2164 salutem.

377 2213 648 2268 Inspeximus
679 2213 1045 2255 confirmacionem
1066 2212 1230 2255 Tamna
1261 2215 1298 2254 le
1323 2213 1592 2255 DESPENSER
1623 2214 1785 2255 domini
1818 2213 2179 2256 GLAMORGANCIE

320 2309 362 2357 et
392 2304 666 2346 MORGANCOE
698 2304 830 2360 patris
860 2304 971 2346 nosti
1003 2319 1130 2359 quam
1159 2304 1260 2345 fecit
1284 2303 1566 2360 burgensibus
1587 2305 1740 2346 nostris
1762 2306 1814 2346 de
1836 2304 2020 2347 KARDIF
2042 2305 2087 2346 in
2108 2305 2182 2347 hec

318 2395 457 2437 verba.
523 2394 610 2451 [(2)
646 2394 758 2438 Vide
780 2394 864 2437 No.
888 2409 1084 2436 MLxxin.
1110 2409 1197 2436 Ap.
1227 2394 1373 2450 1397]

381 2486 440 2541 (1)
478 2486 535 2528 Et
558 2500 633 2527 nos
653 2486 787 2541 igitur
807 2485 972 2541 prefata
993 2485 1215 2527 ISABELLA
1237 2485 1446 2527 comitissa
1474 2485 1714 2528 WIGORNIE
1743 2487 1795 2527 de
1822 2485 2007 2528 liberiori
2037 2487 2177 2542 gracia

321 2579 466 2618 nostra
487 2576 763 2618 concessimus
783 2576 959 2631 prefatis
979 2576 1262 2632 burgensibus
1283 2576 1436 2618 nostris
1455 2575 1680 2618 heredibus
1701 2581 1742 2618 et
1770 2577 2068 2618 successoribus
2095 2576 2180 2618 suis

319 2667 435 2709 infra
464 2666 650 2722 burgum
680 2671 872 2709 nostrum
893 2668 1130 2722 predictum
1159 2667 1388 2708 residentes
1418 2668 1531 2721 quod
1567 2667 1602 2708 si
1636 2667 1717 2722 ipsi
1752 2670 1826 2709 aut
1862 2682 2005 2709 eorum
2025 2667 2178 2722 aliquis

323 2761 540 2799 accusatus
560 2757 628 2798 vel
648 2756 903 2799 attachiatus
923 2757 1120 2799 fueritin
1147 2760 1362 2812 posterum
1392 2757 1436 2798 in
1468 2757 1714 2799 comitatum
1745 2761 1937 2799 nostrum
1968 2757 2178 2800 GLAMOR-

326 2861 491 2889 GANCIE
513 2862 588 2902 pro
613 2847 755 2901 aliqua
775 2847 934 2888 felonia
955 2847 1069 2888 infra
1089 2847 1329 2889 libertatem
1350 2846 1449 2888 ville
1480 2850 1620 2889 nostre
1649 2848 1836 2902 predicte
1865 2847 2052 2903 [contin]
2059 2848 2178 2903 genti

328 2951 423 2992 quae
463 2937 509 2978 in
549 2937 694 2978 eodem
737 2937 940 2978 comitatu
980 2942 1121 2978 nostro
1162 2936 1286 2979 debet
1327 2937 1446 2978 triari
1491 2942 1534 2978 et
1587 2936 1844 2993 [justici]ari
1889 2938 2001 2992 quod
2050 2938 2179 2980 iidem

329 3026 559 3083 burgenses
588 3041 734 3068 eorum
760 3027 934 3069 heredes
962 3030 1004 3069 et
1031 3041 1281 3069 successores
1306 3029 1348 3068 et
1372 3042 1518 3069 eorum
1539 3026 1718 3082 quilibet
1737 3027 1837 3069 inde
1856 3042 1930 3082 per
1949 3026 2178 3083 burgenses
