2386 3645
1943 299 2052 340 1243

154 503 379 558 empcione
420 502 569 544 vivant
607 501 722 543 infra
757 501 996 543 dominium
1040 505 1233 542 nostrum
1274 502 1328 543 de
1373 500 1656 544 GLAMORGAN
1708 506 1751 544 et
1789 503 2113 546 MORGANNOCK

158 592 342 635 residere
358 591 541 634 debeant
554 591 600 633 in
616 592 730 633 villis
746 592 798 633 de
812 590 1006 647 Bourgh'
1022 594 1063 633 et
1077 605 1164 632 non
1180 591 1343 646 upland
1358 595 1399 633 et
1413 593 1527 646 quod
1540 592 1781 634 omnimode
1798 593 2112 636 marchandisas

161 683 324 726 faciant
355 683 400 725 in
437 683 642 725 nundinis
673 682 777 724 foris
805 685 847 724 et
881 682 927 723 in
957 681 1068 723 villis
1097 682 1150 723 de
1175 680 1371 737 Bourgh'
1393 685 1435 724 et
1454 697 1540 724 non
1571 682 1685 724 alibi.
1747 683 1808 724 Et
1837 684 1968 725 eciam
1999 685 2113 739 quod

154 789 306 817 omnes
325 776 576 816 mercatores
598 789 693 815 cum
716 788 862 815 eorum
882 772 1186 815 merchandisis
1214 772 1317 814 alibi
1341 788 1427 815 non
1447 776 1668 816 transeant
1693 789 1821 829 quam
1848 789 1923 830 per
1949 775 2112 830 regales

154 865 272 907 ‘vicos
302 879 376 920 per
396 864 519 906 villas
544 865 596 905 de
618 862 813 920 Bourgh'
836 864 898 905 ita
919 865 1033 919 quod
1054 878 1130 905 nos
1150 879 1227 905 nec
1242 863 1417 905 heredes
1436 865 1570 906 nostri
1591 864 1803 906 tolnetum
1822 868 2016 907 nostrum
2035 880 2113 908 nec

159 955 264 997 alias
299 961 514 996 custumas
555 954 676 996 nobis
717 954 883 996 debitas
924 954 1068 1010 aliquo
1109 957 1298 1010 tempore
1340 954 1598 998 amittamus.
1680 955 1739 997 Et
1782 956 1895 1010 quod
1935 956 2114 1011 predicti

158 1045 390 1101 burgenses
417 1045 552 1087 nostri
584 1060 660 1087 nec
694 1060 841 1087 eorum
876 1045 1050 1086 heredes
1083 1045 1272 1100 aliquam
1304 1045 1603 1101 vigilacionem
1638 1045 1798 1088 facient
1831 1061 1908 1088 nec
1928 1047 2114 1102 aliquem

153 1136 390 1193 fugitivum
410 1136 456 1178 in
478 1136 621 1192 aliqua
642 1136 814 1178 ecclesia
836 1136 1077 1178 custodiant
1099 1140 1219 1178 extra
1239 1151 1382 1178 muros
1402 1137 1504 1178 ville
1524 1140 1666 1179 nostre
1687 1137 1889 1192 predicte.

211 1226 503 1269 Concessimus
534 1241 632 1268 vero
667 1227 870 1282 predictis
905 1227 1190 1283 burgensibus
1221 1228 1375 1269 nostris
1407 1229 1521 1283 quod
1551 1243 1626 1283 per
1657 1228 1972 1270 ordinacionem
2011 1243 2107 1271 con-

156 1317 382 1361 stabularii
402 1318 582 1373 predicti
604 1318 894 1359 ordinae-iones
916 1321 958 1360 et
979 1318 1255 1360 clamaciones
1276 1318 1405 1360 libere
1433 1319 1566 1360 facere
1587 1319 1748 1374 possint
1771 1319 1823 1360 de
1844 1319 1972 1360 assisa
1991 1319 2114 1374 panis

160 1412 205 1452 et
226 1409 399 1452 cervisie
421 1414 462 1451 et
483 1409 578 1451 aliis
599 1409 775 1450 diversis
795 1408 920 1451 rebus
942 1410 996 1451 ad
1016 1409 1282 1451 voluntatem
1303 1424 1448 1451 eorum
1469 1410 1648 1451 eandem
1669 1409 1816 1451 villam
1837 1409 2115 1466 tangentibus

150 1502 497 1556 quandocunque
528 1515 694 1542 necesse
726 1500 859 1542 fuerit
887 1501 940 1542 ad
972 1500 1317 1542 emendacionem
1344 1500 1459 1542 illius
1480 1500 1580 1541 ville
1612 1504 1652 1542 et
1683 1501 1917 1556 proficuum
1947 1500 2108 1555 populi.

160 1591 370 1634 Nolentes
401 1592 534 1633 eciam
568 1592 682 1647 quod
715 1592 846 1633 iidem
881 1591 1113 1648 burgenses
1147 1591 1233 1633 sint
1264 1591 1390 1647 ligati
1421 1606 1495 1646 per
1526 1591 1801 1632 clamaciones
1831 1591 1877 1632 in
1907 1592 2114 1634 comitatu

158 1687 304 1726 nostro
326 1685 378 1725 de
401 1683 702 1726 GLAMORGAN’
726 1684 868 1739 aliquo
896 1690 1085 1739 tempore
1106 1683 1240 1726 factas
1272 1688 1314 1724 et
1335 1683 1447 1738 quod
1469 1682 1654 1724 habeant
1676 1682 1890 1738 prisonam
1921 1698 2040 1724 suam
2066 1683 2115 1725 in

160 1776 311 1818 eadem
332 1775 435 1816 villa
457 1779 601 1817 nostra
622 1776 676 1817 ad
696 1775 989 1817 malefactores
1003 1779 1043 1816 et
1059 1774 1235 1817 rebelles
1250 1774 1408 1816 ibidem
1425 1774 1748 1816 custodiendum
1761 1778 1802 1815 et
1819 1774 2116 1830 castigandum

156 1871 199 1909 et
239 1868 294 1909 ad
333 1867 474 1923 legem
512 1866 781 1922 implendum
822 1870 865 1909 et
897 1867 1132 1909 tenendum
1171 1881 1336 1908 necnon
1368 1865 1663 1907 execucionem
1698 1865 1942 1907 faciendum
1972 1880 2112 1908 coram

148 1958 468 2001 constabulario
489 1962 631 2001 nostro
653 1959 843 2014 predicto
865 1974 962 2000 cum
982 1959 1138 2014 placito
1160 1958 1227 1999 vel
1249 1958 1338 2000 sine
1363 1957 1518 2013 placito
1540 1958 1592 1999 de
1610 1957 1805 1998 omnibus
1824 1957 1949 1998 rebus
1966 1956 2112 2000 villam

154 2053 345 2092 nostram
364 2050 603 2105 predictam
623 2050 914 2106 tangentibus.

216 2140 416 2183 Preterea
431 2141 709 2183 concessimus
721 2141 899 2196 prefatis
910 2140 1195 2197 burgensibus
1208 2139 1362 2181 nostris
1375 2139 1488 2195 quod
1501 2139 1584 2180 due
1600 2139 1793 2180 nundine
1806 2137 1891 2180 sint
1903 2138 1949 2180 in
1963 2139 2110 2181 eadem

155 2231 260 2273 villa
291 2235 436 2273 nostra
466 2231 657 2287 quolibet
687 2247 800 2273 anno
831 2233 938 2273 sicut
970 2246 1056 2273 esse
1093 2230 1283 2272 solebant
1313 2239 1503 2285 tempore
1533 2234 1841 2270 antecessorum
1870 2233 2113 2271 nostrorum

150 2322 349 2365 videlicet
380 2323 572 2364 nundine
603 2338 685 2378 que
714 2323 927 2378 incipiunt
957 2322 1003 2364 in
1036 2321 1185 2378 vigilia
1205 2320 1443 2363 nativitatis
1465 2319 1611 2362 Sancti
1631 2319 1660 2361 J
1663 2333 1862 2361 OHANNIS
1884 2319 2108 2361 BApusm

142 2414 350 2456 durantes
384 2429 459 2469 per
492 2413 736 2468 quindecim
769 2414 858 2455 dies
894 2417 1115 2468 sequentes
1144 2413 1190 2454 in
1221 2412 1375 2467 quibus
1405 2426 1503 2453 vero
1533 2411 1738 2452 nundinis
1767 2411 1966 2466 predictis
1996 2427 2096 2454 con-

151 2504 409 2547 stabularius
440 2509 582 2547 noster
604 2505 740 2560 capiet
771 2505 984 2547 tolnetum
1005 2507 1198 2546 nostrum
1228 2507 1270 2545 et
1299 2502 1404 2544 alias
1435 2505 1647 2544 custumas
1675 2501 1796 2543 nobis
1818 2501 1992 2543 debitas.
2045 2502 2107 2545 Et

148 2596 267 2651 quod
297 2596 490 2638 decetero
525 2596 571 2637 in
613 2596 772 2637 eisdem
808 2595 1014 2637 nundinis
1048 2598 1192 2636 teneat
1223 2593 1365 2636 omnia
1405 2593 1562 2648 placita
1591 2607 1740 2634 corone
1771 2593 1823 2634 de
1853 2593 2107 2636 omnimodis

148 2687 320 2730 feloniis
351 2687 467 2729 infra
496 2687 664 2730 bundas
694 2686 905 2728 libertatis
936 2685 1128 2741 ejusdem
1150 2685 1250 2726 ville
1281 2683 1536 2726 durantibus
1566 2683 1651 2725 illis
1680 2682 1886 2725 nundinis
1909 2683 2033 2726 factis
2062 2686 2107 2726 et

144 2779 235 2821 alia
264 2779 422 2834 placita
441 2779 493 2820 de
527 2777 936 2835 transgressionibus
957 2776 1111 2819 debitis
1132 2774 1485 2818 convenciom'bus
1507 2778 1549 2816 et
1571 2774 1664 2816 aliis
1685 2774 1859 2816 diversis
1879 2774 2104 2817 contractis

152 2868 397 2925 ubieunque
419 2869 584 2911 fuerint
602 2869 739 2911 factis.
1890 2846 1893 2850 v

204 2960 266 3002 Et
286 2960 565 3002 concessimus
585 2960 786 3015 predictis
801 2958 1085 3015 burgensibus
1106 2957 1260 3000 nostris
1277 2957 1390 3013 quod
1411 2956 1664 2998 durantibus
1680 2955 1879 3011 predictis
1894 2956 2100 2998 nundinis

145 3049 295 3092 nullus
321 3053 530 3092 mercator
557 3050 721 3106 aliquas
748 3048 1052 3092 merchandjsis
1077 3053 1190 3091 emat
1210 3051 1286 3090 aut
1305 3048 1463 3089 vendat
1487 3050 1607 3088 extra
1626 3045 1722 3088 illas
1749 3045 1962 3087 nundinas
1987 3045 2104 3089 intra
