2386 3645
311 268 421 310 1418

1112 472 1356 517 MLXXV.

261 564 654 609 INSPEXIMUS
695 564 782 607 BY
823 563 1080 607 THOMAS
1121 563 1202 606 LE
1243 563 1608 607 DESPENSER
1661 563 1739 606 OF
1784 563 1915 606 THE
1958 562 2209 606 OONFIR-

405 655 655 699 MATION
686 655 764 698 OF
794 654 1090 706 EDWARD,
1122 654 1231 697 HIS
1263 654 1538 707 FATHER,
1571 654 1646 697 TO
1690 653 1821 697 THE
1853 653 2209 698 BURGESSES

405 746 484 789 OF
534 746 770 790 NEATH.

1042 802 1263 860 [FRANCIS
1308 802 1427 860 MS.]

1417 912 1472 953 20
1504 910 1615 954 FEB.
1678 912 1733 953 20
1766 911 1862 954 Rm.
1896 910 1962 954 II.
2028 911 2150 953 1397.

320 1019 394 1076 (Ι.)
458 1019 649 1062 THOMAS
669 1019 709 1061 16
731 1019 998 1061 DESPENSER
1018 1018 1131 1060 filius
1158 1023 1200 1060 et
1230 1017 1351 1060 heres
1381 1017 1544 1061 domini
1569 1017 1796 1060 EDWARDI
1818 1018 1858 1060 16
1880 1018 2148 1061 DESPENSER
2169 1021 2210 1060 et

257 1112 429 1154 domine
468 1110 764 1153 ELIZABETHE
815 1110 1017 1153 consortis
1056 1124 1130 1152 sue
1181 1109 1379 1151 dominus
1430 1108 1790 1152 GLAMORGANCIE
1841 1112 1884 1151 et
1932 1109 2209 1151 MORGANCIE

256 1201 453 1245 omnibus
501 1206 643 1244 sanete
693 1201 841 1243 matris
880 1198 1049 1243 ecclesie
1099 1199 1197 1242 filiis
1247 1200 1302 1242 ad
1351 1214 1456 1255 quos
1506 1215 1677 1255 presens
1718 1200 1921 1256 seriptum
1971 1200 2210 1256 pervenerit

255 1292 449 1336 salutem.

313 1381 532 1426 Noveritis
553 1396 629 1424 nos
649 1381 879 1437 inspexisse
900 1380 1264 1423 confirmationem
1285 1380 1395 1423 bone
1416 1380 1618 1423 memorie
1643 1380 1806 1422 domini
1826 1380 2055 1422 EDWARm
2076 1381 2212 1436 patris

253 1473 388 1517 nostri
408 1488 544 1529 nuper
564 1472 726 1515 domini
749 1471 1110 1515 GLAMORGANCIE
1133 1474 1176 1514 et
1206 1471 1481 1514 MORGANCIE
1504 1486 1633 1527 quam
1663 1472 1765 1514 feeit
1794 1471 2079 1528 burgensibus
2109 1472 2210 1515 ville

252 1565 305 1608 de
326 1564 495 1607 NEATH
516 1565 568 1606 de
589 1562 858 1606 libertatibus
879 1578 1023 1605 eorum
1045 1562 1090 1604 in
1112 1562 1189 1605 1160
1210 1562 1338 1605 verba
1355 1578 1426 1605 :—

315 1655 415 1711 (11.)
479 1654 743 1697 EDWARDUS
764 1654 803 1697 le
824 1654 1096 1696 DESPENCER
1110 1654 1308 1696 dominus
1326 1653 1688 1697 GLAMORGANOIE
1710 1658 1753 1697 et
1772 1653 2050 1697 MORGANCIE
2074 1654 2208 1697 omni-

251 1746 330 1790 bus
350 1745 518 1789 ballivis
539 1745 694 1789 nostris
714 1748 756 1788 et
778 1745 872 1788 aliis
893 1745 1090 1788 fidelibus
1110 1746 1165 1788 ad
1186 1760 1291 1801 quos
1314 1748 1530 1801 presentes
1549 1745 1691 1788 littere
1711 1745 1981 1801 pervenerint
2012 1745 2204 1788 salutem.

311 1836 463 1879 Sciatis
483 1851 560 1879 nos
579 1835 810 1892 inspexisse
831 1835 1021 1879 chartam
1042 1835 1111 1892 pie
1132 1835 1333 1879 memorie
1354 1835 1518 1878 domini
1538 1835 1789 1880 WILLELMI
1811 1836 2027 1890 quondam
2043 1836 2208 1878 comitis

256 1926 565 1970 GLOUCESTRIE
585 1926 871 1984 progenitoris
890 1927 1025 1970 nostri
1045 1941 1175 1983 quam
1196 1926 1298 1969 feeit
1317 1925 1601 1983 burgensibus
1622 1926 1723 1969 ville
1744 1927 1796 1969 de
1817 1926 1986 1969 NEATH
2008 1927 2060 1970 de
2080 1926 2206 1970 liber-

252 2017 414 2061 tatibus
435 2033 581 2061 eorum
602 2018 648 2060 in
669 2017 746 2061 1160
765 2017 975 2061 verba:—

316 2108 443 2164 (ΙΙΙ.)
509 2108 792 2152 WILLELMUS
813 2123 950 2152 eomes
971 2108 1284 2152 GLOUCESTRIE
1306 2108 1499 2165 dapifero
1520 2124 1595 2152 suo
1616 2112 1659 2152 et
1679 2109 1915 2152 vicecomiti
1932 2125 2006 2152 suo
2023 2110 2075 2152 de
2089 2109 2206 2153 GLA-

256 2213 443 2242 MORGAN
481 2204 524 2242 et
564 2199 760 2243 omnibus
799 2199 1029 2245 baronibus
1070 2200 1156 2243 suis
1196 2203 1238 2243 et
1278 2199 1485 2242 ministris
1525 2199 1836 2243 FRANCIGENIS
1869 2200 2046 2243 ANGLIS
2081 2204 2208 2256 atque

256 2290 592 2335 WALLENSIBUS
612 2291 804 2334 salutem.

316 2381 468 2425 Sciatis
488 2396 556 2424 me
572 2381 735 2424 dedisse
756 2385 798 2424 et
820 2381 1066 2425 concessisse
1085 2380 1370 2439 burgensibus
1391 2381 1444 2424 de
1459 2380 1628 2424 NEETH
1650 2396 1795 2424 omnes
1810 2380 2028 2424 libertates
2048 2385 2091 2424 et
2111 2397 2208 2424 eon-

258 2471 504 2516 suetudines
536 2488 641 2529 quas
671 2472 903 2530 burgenses
932 2473 1017 2516 mei
1049 2474 1102 2516 de
1141 2472 1386 2516 KARmFFn
1426 2471 1585 2515 habent
1627 2487 1702 2528 per
1732 2487 1878 2515 omnes
1907 2472 2066 2529 burgos
2095 2487 2210 2516 meos

257 2562 442 2605 ANGLIE
464 2565 507 2605 et
527 2562 725 2607 WALmE
747 2567 789 2606 et
810 2579 885 2620 per
914 2566 1050 2607 totam
1079 2567 1237 2606 terram
1265 2578 1406 2606 meam
1435 2563 1620 2606 ANGLIE
1652 2565 1693 2605 et
1725 2562 1934 2606 WALLIE.
2011 2562 2209 2606 Testibus

256 2653 323 2697 his
341 2683 357 2701 .
376 2654 551 2697 domino
572 2654 776 2697 Rumam
807 2655 859 2698 de
889 2654 1133 2698 KARDIFFE
1164 2655 1354 2711 dapifero
1379 2687 1388 2696 .
1420 2654 1553 2697 HUM.
1581 2655 1633 2697 de
1662 2653 1884 2698 VALONHS
1903 2687 1912 2697 .
1935 2653 2135 2698 Wmomz
2157 2655 2209 2697 de

259 2744 414 2788 REGNJ
450 2779 458 2788 .
489 2745 680 2788 Flmrro
702 2745 969 2803 SUM[ER1](¹)
1000 2781 1009 2789 .
1043 2746 1275 2789 GILBERTO
1307 2745 1496 2789 CROKE.
1527 2745 1745 2788 HEcho
1771 2744 1939 2788 ORAssn
1962 2778 1972 2788 .
1995 2744 2209 2788 HENRICO

257 2836 406 2879 elerico
426 2866 440 2881 .
461 2836 650 2879 Roomo
671 2837 770 2879 F1L.
793 2838 845 2879 de
865 2837 1093 2880 NEETH.‘¹‘

319 2926 421 2982 (II.)
484 2925 757 2984 Inspeximus
778 2928 906 2971 etiam
928 2928 1143 2985 quoddam
1169 2928 1373 2985 seriptum
1394 2927 1557 2970 domini
1579 2926 1805 2971 GILBERTI
1825 2928 1877 2970 de
1899 2926 2051 2970 OLARE
2073 2941 2207 2982 quon-

261 3018 361 3060 dam
381 3016 546 3062 eomitis
568 3018 877 3061 GLOUCESTRIE
899 3023 942 3062 et
963 3019 1267 3062 HERTFORDIE
1287 3019 1570 3076 progenitoris
1593 3018 1729 3062 nostri
1748 3018 1794 3061 in
1814 3017 1891 3061 heo
1913 3017 2049 3061 verba.
