<?xml version="1.0" encoding="UTF-8"?>
<!DOCTYPE html PUBLIC "-//W3C//DTD XHTML 1.0 Transitional//EN"
    "http://www.w3.org/TR/xhtml1/DTD/xhtml1-transitional.dtd">
<html xmlns="http://www.w3.org/1999/xhtml" xml:lang="en" lang="en">
 <head>
  <title>
</title>
<meta http-equiv="Content-Type" content="text/html;charset=utf-8" />
  <meta name='ocr-system' content='tesseract 3.04.00' />
  <meta name='ocr-capabilities' content='ocr_page ocr_carea ocr_par ocr_line ocrx_word'/>
</head>
<body>
  <div class='ocr_page' id='page_1' title='image "./cartaeetaliamuni04claruoft_0274.png"; bbox 0 0 2386 3645; ppageno 0'>
   <div class='ocr_carea' id='block_1_1' title="bbox 251 312 361 354">
    <p class='ocr_par' dir='ltr' id='par_1_1' title="bbox 251 312 361 354">
     <span class='ocr_line' id='line_1_1' title="bbox 251 312 361 354; baseline -0.009 0"><span class='ocrx_word' id='word_1_1' title='bbox 251 312 361 354; x_wconf 85' lang='lat'>1390</span> 
     </span>
    </p>
   </div>
   <div class='ocr_carea' id='block_1_2' title="bbox 193 514 2158 3027">
    <p class='ocr_par' dir='ltr' id='par_1_2' title="bbox 193 514 2145 1291">
     <span class='ocr_line' id='line_1_2' title="bbox 252 514 2140 573; baseline -0.003 -12"><span class='ocrx_word' id='word_1_2' title='bbox 252 518 312 561; x_wconf 83' lang='lat' dir='ltr'>Et</span> <span class='ocrx_word' id='word_1_3' title='bbox 345 532 481 561; x_wconf 84' lang='lat' dir='ltr'>comes</span> <span class='ocrx_word' id='word_1_4' title='bbox 513 517 616 560; x_wconf 89' lang='lat' dir='ltr'>dicit</span> <span class='ocrx_word' id='word_1_5' title='bbox 651 517 764 573; x_wconf 92' lang='lat' dir='ltr'>quod</span> <span class='ocrx_word' id='word_1_6' title='bbox 800 520 983 559; x_wconf 75' lang='lat' dir='ltr'>castrum</span> <span class='ocrx_word' id='word_1_7' title='bbox 1019 516 1256 572; x_wconf 88' lang='lat' dir='ltr'>predictum</span> <span class='ocrx_word' id='word_1_8' title='bbox 1297 518 1340 558; x_wconf 88' lang='lat' dir='ltr'>et</span> <span class='ocrx_word' id='word_1_9' title='bbox 1379 518 1492 558; x_wconf 87' lang='lat' dir='ltr'>terra</span> <span class='ocrx_word' id='word_1_10' title='bbox 1526 514 1716 571; x_wconf 83' lang='lat' dir='ltr'>predicta</span> <span class='ocrx_word' id='word_1_11' title='bbox 1748 517 1847 557; x_wconf 88' lang='lat' dir='ltr'>sunt</span> <span class='ocrx_word' id='word_1_12' title='bbox 1879 529 1966 557; x_wconf 86' lang='lat' dir='ltr'>una</span> <span class='ocrx_word' id='word_1_13' title='bbox 2001 515 2140 570; x_wconf 86' lang='lat' dir='ltr'>patria</span> 
     </span>
     <span class='ocr_line' id='line_1_3' title="bbox 195 603 2140 665; baseline -0.002 -14"><span class='ocrx_word' id='word_1_14' title='bbox 195 613 444 665; x_wconf 86' lang='lat' dir='ltr'>preportans</span> <span class='ocrx_word' id='word_1_15' title='bbox 464 608 549 650; x_wconf 86' lang='lat' dir='ltr'>tale</span> <span class='ocrx_word' id='word_1_16' title='bbox 571 607 766 663; x_wconf 84' lang='lat' dir='ltr'>generale</span> <span class='ocrx_word' id='word_1_17' title='bbox 787 621 942 649; x_wconf 87' lang='lat' dir='ltr'>nomen</span> <span class='ocrx_word' id='word_1_18' title='bbox 964 606 1160 648; x_wconf 86' lang='lat' dir='ltr'>videlicet</span> <span class='ocrx_word' id='word_1_19' title='bbox 1185 608 1369 648; x_wconf 76' lang='lat' dir='ltr'><strong>castrum</strong></span> <span class='ocrx_word' id='word_1_20' title='bbox 1400 606 1452 648; x_wconf 89' lang='lat' dir='ltr'>de</span> <span class='ocrx_word' id='word_1_21' title='bbox 1483 604 1730 647; x_wconf 76' lang='lat' dir='ltr'>SWEYNsEY</span> <span class='ocrx_word' id='word_1_22' title='bbox 1758 607 1799 646; x_wconf 87' lang='lat' dir='ltr'>et</span> <span class='ocrx_word' id='word_1_23' title='bbox 1828 603 2140 647; x_wconf 76' lang='lat' dir='ltr'>GOWERSLOND</span> 
     </span>
     <span class='ocr_line' id='line_1_4' title="bbox 194 695 2140 755; baseline -0.002 -13"><span class='ocrx_word' id='word_1_24' title='bbox 194 700 307 742; x_wconf 84' lang='lat' dir='ltr'>infra</span> <span class='ocrx_word' id='word_1_25' title='bbox 329 699 441 754; x_wconf 91' lang='lat' dir='ltr'>quod</span> <span class='ocrx_word' id='word_1_26' title='bbox 463 699 659 755; x_wconf 83' lang='lat' dir='ltr'>generale</span> <span class='ocrx_word' id='word_1_27' title='bbox 680 697 892 740; x_wconf 75' lang='lat' dir='ltr'>habentur</span> <span class='ocrx_word' id='word_1_28' title='bbox 911 697 1095 753; x_wconf 85' lang='lat' dir='ltr'>plurima</span> <span class='ocrx_word' id='word_1_29' title='bbox 1116 696 1306 739; x_wconf 86' lang='lat' dir='ltr'>dominia</span> <span class='ocrx_word' id='word_1_30' title='bbox 1325 695 1542 739; x_wconf 74' lang='lat' dir='ltr'>libertates</span> <span class='ocrx_word' id='word_1_31' title='bbox 1561 698 1672 738; x_wconf 89' lang='lat' dir='ltr'>terre</span> <span class='ocrx_word' id='word_1_32' title='bbox 1694 697 1812 737; x_wconf 84' lang='lat' dir='ltr'>vasta</span> <span class='ocrx_word' id='word_1_33' title='bbox 1843 698 1885 737; x_wconf 87' lang='lat' dir='ltr'>et</span> <span class='ocrx_word' id='word_1_34' title='bbox 1910 710 2024 737; x_wconf 89' lang='lat' dir='ltr'>more</span> <span class='ocrx_word' id='word_1_35' title='bbox 2058 711 2140 751; x_wconf 90' lang='lat' dir='ltr'>que</span> 
     </span>
     <span class='ocr_line' id='line_1_5' title="bbox 194 786 2142 845; baseline -0.003 -12"><span class='ocrx_word' id='word_1_36' title='bbox 194 805 278 833; x_wconf 87' lang='lat' dir='ltr'>non</span> <span class='ocrx_word' id='word_1_37' title='bbox 312 793 411 833; x_wconf 91' lang='lat' dir='ltr'>sunt</span> <span class='ocrx_word' id='word_1_38' title='bbox 440 789 486 832; x_wconf 85' lang='lat' dir='ltr'>in</span> <span class='ocrx_word' id='word_1_39' title='bbox 517 789 660 845; x_wconf 88' lang='lat' dir='ltr'>aliqua</span> <span class='ocrx_word' id='word_1_40' title='bbox 680 789 783 831; x_wconf 85' lang='lat' dir='ltr'>villa</span> <span class='ocrx_word' id='word_1_41' title='bbox 811 803 886 843; x_wconf 87' lang='lat' dir='ltr'>per</span> <span class='ocrx_word' id='word_1_42' title='bbox 915 788 1029 843; x_wconf 85' lang='lat' dir='ltr'>quod</span> <span class='ocrx_word' id='word_1_43' title='bbox 1058 788 1113 829; x_wconf 91' lang='lat' dir='ltr'>ad</span> <span class='ocrx_word' id='word_1_44' title='bbox 1154 788 1387 842; x_wconf 88' lang='lat' dir='ltr'>petendum</span> <span class='ocrx_word' id='word_1_45' title='bbox 1427 786 1504 829; x_wconf 87' lang='lat' dir='ltr'>illa</span> <span class='ocrx_word' id='word_1_46' title='bbox 1533 786 1730 843; x_wconf 83' lang='lat' dir='ltr'>generale</span> <span class='ocrx_word' id='word_1_47' title='bbox 1760 786 1930 828; x_wconf 86' lang='lat' dir='ltr'>videtur</span> <span class='ocrx_word' id='word_1_48' title='bbox 1959 786 1998 828; x_wconf 89' lang='lat' dir='ltr'>ei</span> <span class='ocrx_word' id='word_1_49' title='bbox 2028 788 2142 841; x_wconf 87' lang='lat' dir='ltr'>quod</span> 
     </span>
     <span class='ocr_line' id='line_1_6' title="bbox 195 876 2141 936; baseline -0.003 -13"><span class='ocrx_word' id='word_1_50' title='bbox 195 881 320 924; x_wconf 86' lang='lat' dir='ltr'>breve</span> <span class='ocrx_word' id='word_1_51' title='bbox 341 880 580 936; x_wconf 87' lang='lat' dir='ltr'>predictum</span> <span class='ocrx_word' id='word_1_52' title='bbox 600 880 701 921; x_wconf 88' lang='lat' dir='ltr'>satis</span> <span class='ocrx_word' id='word_1_53' title='bbox 723 879 931 920; x_wconf 88' lang='lat' dir='ltr'>sufficiens</span> <span class='ocrx_word' id='word_1_54' title='bbox 961 881 1023 920; x_wconf 88' lang='lat' dir='ltr'>est</span> <span class='ocrx_word' id='word_1_55' title='bbox 1049 881 1091 919; x_wconf 89' lang='lat' dir='ltr'>et</span> <span class='ocrx_word' id='word_1_56' title='bbox 1119 877 1298 920; x_wconf 78' lang='lat' dir='ltr'>formale</span> <span class='ocrx_word' id='word_1_57' title='bbox 1318 878 1433 920; x_wconf 86' lang='lat' dir='ltr'>unde</span> <span class='ocrx_word' id='word_1_58' title='bbox 1453 877 1562 932; x_wconf 84' lang='lat' dir='ltr'>petit</span> <span class='ocrx_word' id='word_1_59' title='bbox 1581 877 1792 933; x_wconf 78' lang='lat' dir='ltr'>judicium</span> <span class='ocrx_word' id='word_1_60' title='bbox 1814 877 1847 918; x_wconf 85' lang='lat' dir='ltr'>si</span> <span class='ocrx_word' id='word_1_61' title='bbox 1868 876 1995 918; x_wconf 83' lang='lat' dir='ltr'>breve</span> <span class='ocrx_word' id='word_1_62' title='bbox 2016 891 2141 919; x_wconf 90' lang='lat' dir='ltr'>suum</span> 
     </span>
     <span class='ocr_line' id='line_1_7' title="bbox 195 967 2141 1025; baseline -0.002 -11"><span class='ocrx_word' id='word_1_63' title='bbox 195 971 347 1014; x_wconf 87' lang='lat' dir='ltr'>cassari</span> <span class='ocrx_word' id='word_1_64' title='bbox 379 970 531 1013; x_wconf 87' lang='lat' dir='ltr'>debeat</span> <span class='ocrx_word' id='word_1_65' title='bbox 560 971 605 1012; x_wconf 92' lang='lat' dir='ltr'>in</span> <span class='ocrx_word' id='word_1_66' title='bbox 637 970 715 1012; x_wconf 89' lang='lat' dir='ltr'>hac</span> <span class='ocrx_word' id='word_1_67' title='bbox 744 972 877 1025; x_wconf 89' lang='lat' dir='ltr'>parte.</span> <span class='ocrx_word' id='word_1_68' title='bbox 939 968 1000 1010; x_wconf 86' lang='lat' dir='ltr'>Et</span> <span class='ocrx_word' id='word_1_69' title='bbox 1029 969 1203 1023; x_wconf 83' lang='lat' dir='ltr'>insuper</span> <span class='ocrx_word' id='word_1_70' title='bbox 1223 968 1384 1010; x_wconf 91' lang='lat' dir='ltr'>dictum</span> <span class='ocrx_word' id='word_1_71' title='bbox 1416 973 1478 1010; x_wconf 89' lang='lat' dir='ltr'>est</span> <span class='ocrx_word' id='word_1_72' title='bbox 1508 969 1696 1024; x_wconf 84' lang='lat' dir='ltr'>predicto</span> <span class='ocrx_word' id='word_1_73' title='bbox 1727 968 1935 1011; x_wconf 74' lang='lat' dir='ltr'>JOHANNI</span> <span class='ocrx_word' id='word_1_74' title='bbox 1957 983 2032 1023; x_wconf 88' lang='lat' dir='ltr'>per</span> <span class='ocrx_word' id='word_1_75' title='bbox 2051 967 2141 1023; x_wconf 81' lang='lat' dir='ltr'>jus-</span> 
     </span>
     <span class='ocr_line' id='line_1_8' title="bbox 194 1058 2142 1118; baseline -0.002 -13"><span class='ocrx_word' id='word_1_76' title='bbox 194 1063 377 1105; x_wconf 84' lang='lat' dir='ltr'>ticiarios</span> <span class='ocrx_word' id='word_1_77' title='bbox 409 1063 522 1118; x_wconf 90' lang='lat' dir='ltr'>quod</span> <span class='ocrx_word' id='word_1_78' title='bbox 553 1061 730 1103; x_wconf 89' lang='lat' dir='ltr'>ulterius</span> <span class='ocrx_word' id='word_1_79' title='bbox 756 1061 804 1112; x_wconf 88' lang='lat' dir='ltr'>si,</span> <span class='ocrx_word' id='word_1_80' title='bbox 837 1063 929 1112; x_wconf 89' lang='lat' dir='ltr'>etc.,</span> <span class='ocrx_word' id='word_1_81' title='bbox 951 1074 1036 1102; x_wconf 88' lang='lat' dir='ltr'>non</span> <span class='ocrx_word' id='word_1_82' title='bbox 1064 1058 1257 1101; x_wconf 87' lang='lat' dir='ltr'>obstante</span> <span class='ocrx_word' id='word_1_83' title='bbox 1288 1059 1531 1115; x_wconf 77' lang='lat' dir='ltr'>calumpnia</span> <span class='ocrx_word' id='word_1_84' title='bbox 1554 1060 1756 1115; x_wconf 86' lang='lat' dir='ltr'>predicta,</span> <span class='ocrx_word' id='word_1_85' title='bbox 1786 1066 1862 1101; x_wconf 88' lang='lat' dir='ltr'>etc.</span> <span class='ocrx_word' id='word_1_86' title='bbox 1937 1059 1996 1101; x_wconf 78' lang='lat' dir='ltr'>Et</span> <span class='ocrx_word' id='word_1_87' title='bbox 2028 1060 2142 1102; x_wconf 86' lang='lat' dir='ltr'>idem</span> 
     </span>
     <span class='ocr_line' id='line_1_9' title="bbox 193 1149 2145 1207; baseline -0.002 -11"><span class='ocrx_word' id='word_1_88' title='bbox 193 1153 223 1197; x_wconf 87' lang='lat' dir='ltr'>J</span> <span class='ocrx_word' id='word_1_89' title='bbox 226 1168 435 1196; x_wconf 80' lang='lat' dir='ltr'>OHANNES</span> <span class='ocrx_word' id='word_1_90' title='bbox 463 1152 658 1195; x_wconf 83' lang='lat' dir='ltr'>defendit</span> <span class='ocrx_word' id='word_1_91' title='bbox 683 1151 755 1207; x_wconf 83' lang='lat' dir='ltr'>jus</span> <span class='ocrx_word' id='word_1_92' title='bbox 782 1165 906 1193; x_wconf 87' lang='lat' dir='ltr'>suum</span> <span class='ocrx_word' id='word_1_93' title='bbox 937 1151 1122 1205; x_wconf 76' lang='lat' dir='ltr'>quando,</span> <span class='ocrx_word' id='word_1_94' title='bbox 1145 1152 1221 1191; x_wconf 89' lang='lat' dir='ltr'>etc.</span> <span class='ocrx_word' id='word_1_95' title='bbox 1284 1149 1344 1191; x_wconf 85' lang='lat' dir='ltr'>Et</span> <span class='ocrx_word' id='word_1_96' title='bbox 1373 1149 1481 1205; x_wconf 86' lang='lat' dir='ltr'>petit</span> <span class='ocrx_word' id='word_1_97' title='bbox 1509 1150 1609 1192; x_wconf 86' lang='lat' dir='ltr'>inde</span> <span class='ocrx_word' id='word_1_98' title='bbox 1639 1151 1776 1191; x_wconf 84' lang='lat' dir='ltr'>visum</span> <span class='ocrx_word' id='word_1_99' title='bbox 1811 1149 1978 1192; x_wconf 82' lang='lat' dir='ltr'>habeat.</span> <span class='ocrx_word' id='word_1_100' title='bbox 2041 1149 2145 1193; x_wconf 89' lang='lat' dir='ltr'>Dies</span> 
     </span>
     <span class='ocr_line' id='line_1_10' title="bbox 195 1240 1688 1291; baseline -0.003 -4"><span class='ocrx_word' id='word_1_101' title='bbox 195 1246 320 1287; x_wconf 90' lang='lat' dir='ltr'>datus</span> <span class='ocrx_word' id='word_1_102' title='bbox 341 1247 404 1286; x_wconf 86' lang='lat' dir='ltr'>est</span> <span class='ocrx_word' id='word_1_103' title='bbox 425 1244 485 1286; x_wconf 90' lang='lat' dir='ltr'>eis</span> <span class='ocrx_word' id='word_1_104' title='bbox 503 1243 572 1285; x_wconf 88' lang='lat' dir='ltr'>hic</span> <span class='ocrx_word' id='word_1_105' title='bbox 592 1258 617 1284; x_wconf 91' lang='lat' dir='ltr'>a</span> <span class='ocrx_word' id='word_1_106' title='bbox 638 1242 706 1284; x_wconf 89' lang='lat' dir='ltr'>die</span> <span class='ocrx_word' id='word_1_107' title='bbox 728 1241 888 1284; x_wconf 88' lang='lat' dir='ltr'>Pasche</span> <span class='ocrx_word' id='word_1_108' title='bbox 909 1241 954 1283; x_wconf 87' lang='lat' dir='ltr'>in</span> <span class='ocrx_word' id='word_1_109' title='bbox 976 1256 1110 1283; x_wconf 89' lang='lat' dir='ltr'>unum</span> <span class='ocrx_word' id='word_1_110' title='bbox 1131 1255 1319 1282; x_wconf 86' lang='lat' dir='ltr'>mensem</span> <span class='ocrx_word' id='word_1_111' title='bbox 1341 1243 1383 1282; x_wconf 90' lang='lat' dir='ltr'>et</span> <span class='ocrx_word' id='word_1_112' title='bbox 1403 1240 1589 1291; x_wconf 85' lang='lat' dir='ltr'>interim,</span> <span class='ocrx_word' id='word_1_113' title='bbox 1612 1243 1688 1283; x_wconf 88' lang='lat' dir='ltr'>etc.</span> 
     </span>
    </p>

    <p class='ocr_par' dir='ltr' id='par_1_3' title="bbox 194 1329 2146 1661">
     <span class='ocr_line' id='line_1_11' title="bbox 254 1329 2144 1389; baseline -0.003 -12"><span class='ocrx_word' id='word_1_114' title='bbox 254 1336 297 1381; x_wconf 65' lang='lat' dir='ltr'><strong>fl</strong></span> <span class='ocrx_word' id='word_1_115' title='bbox 330 1334 495 1377; x_wconf 88' lang='lat' dir='ltr'>Placita</span> <span class='ocrx_word' id='word_1_116' title='bbox 526 1334 641 1389; x_wconf 90' lang='lat' dir='ltr'>apud</span> <span class='ocrx_word' id='word_1_117' title='bbox 669 1332 1131 1376; x_wconf 81' lang='lat' dir='ltr'>WESTMONASTERIUM</span> <span class='ocrx_word' id='word_1_118' title='bbox 1163 1345 1302 1372; x_wconf 89' lang='lat' dir='ltr'>coram</span> <span class='ocrx_word' id='word_1_119' title='bbox 1331 1330 1373 1373; x_wconf 88' lang='lat' dir='ltr'>J.</span> <span class='ocrx_word' id='word_1_120' title='bbox 1404 1331 1456 1372; x_wconf 88' lang='lat' dir='ltr'>de</span> <span class='ocrx_word' id='word_1_121' title='bbox 1488 1329 1690 1372; x_wconf 78' lang='lat' dir='ltr'>STONORE</span> <span class='ocrx_word' id='word_1_122' title='bbox 1722 1334 1765 1372; x_wconf 90' lang='lat' dir='ltr'>et</span> <span class='ocrx_word' id='word_1_123' title='bbox 1795 1331 1916 1373; x_wconf 86' lang='lat' dir='ltr'>sociis</span> <span class='ocrx_word' id='word_1_124' title='bbox 1946 1331 2031 1373; x_wconf 89' lang='lat' dir='ltr'>suis</span> <span class='ocrx_word' id='word_1_125' title='bbox 2055 1331 2144 1386; x_wconf 86' lang='lat' dir='ltr'>jus-</span> 
     </span>
     <span class='ocr_line' id='line_1_12' title="bbox 194 1420 2146 1479; baseline -0.002 -11"><span class='ocrx_word' id='word_1_126' title='bbox 194 1426 369 1469; x_wconf 85' lang='lat' dir='ltr'>ticiariis</span> <span class='ocrx_word' id='word_1_127' title='bbox 422 1425 585 1467; x_wconf 87' lang='lat' dir='ltr'>domini</span> <span class='ocrx_word' id='word_1_128' title='bbox 625 1424 759 1479; x_wconf 80' lang='lat' dir='ltr'>Regis</span> <span class='ocrx_word' id='word_1_129' title='bbox 791 1424 843 1465; x_wconf 90' lang='lat' dir='ltr'>de</span> <span class='ocrx_word' id='word_1_130' title='bbox 870 1422 1004 1465; x_wconf 86' lang='lat' dir='ltr'>banco</span> <span class='ocrx_word' id='word_1_131' title='bbox 1036 1423 1089 1463; x_wconf 88' lang='lat' dir='ltr'>de</span> <span class='ocrx_word' id='word_1_132' title='bbox 1124 1421 1307 1464; x_wconf 86' lang='lat' dir='ltr'>termino</span> <span class='ocrx_word' id='word_1_133' title='bbox 1343 1420 1490 1463; x_wconf 82' lang='lat' dir='ltr'>Sancti</span> <span class='ocrx_word' id='word_1_134' title='bbox 1528 1421 1790 1463; x_wconf 69' lang='lat' dir='ltr'>Mmfflssms</span> <span class='ocrx_word' id='word_1_135' title='bbox 1828 1456 1836 1464; x_wconf 85' lang='lat'><strong>.</strong></span> <span class='ocrx_word' id='word_1_136' title='bbox 1875 1437 1987 1464; x_wconf 89' lang='lat' dir='ltr'>anno</span> <span class='ocrx_word' id='word_1_137' title='bbox 2022 1422 2146 1478; x_wconf 85' lang='lat' dir='ltr'>regni</span> 
     </span>
     <span class='ocr_line' id='line_1_13' title="bbox 195 1512 2145 1572; baseline -0.002 -12"><span class='ocrx_word' id='word_1_138' title='bbox 195 1517 379 1560; x_wconf 79' lang='lat' dir='ltr'>ANGLIE</span> <span class='ocrx_word' id='word_1_139' title='bbox 414 1515 547 1572; x_wconf 80' lang='lat' dir='ltr'>Regis</span> <span class='ocrx_word' id='word_1_140' title='bbox 581 1515 807 1557; x_wconf 79' lang='lat' dir='ltr'>EDWARDI</span> <span class='ocrx_word' id='word_1_141' title='bbox 844 1513 950 1556; x_wconf 54' lang='lat' dir='ltr'>113⁰st</span> <span class='ocrx_word' id='word_1_142' title='bbox 991 1519 1154 1555; x_wconf 74' lang='lat' dir='ltr'><strong>XXVIJO·</strong></span> <span class='ocrx_word' id='word_1_143' title='bbox 1194 1516 1237 1554; x_wconf 89' lang='lat' dir='ltr'>et</span> <span class='ocrx_word' id='word_1_144' title='bbox 1271 1513 1395 1568; x_wconf 84' lang='lat' dir='ltr'>regni</span> <span class='ocrx_word' id='word_1_145' title='bbox 1436 1527 1509 1554; x_wconf 88' lang='lat' dir='ltr'>sue</span> <span class='ocrx_word' id='word_1_146' title='bbox 1545 1512 1751 1554; x_wconf 71' lang='lat' dir='ltr'>FRANcm</span> <span class='ocrx_word' id='word_1_147' title='bbox 1788 1518 1923 1554; x_wconf 60' lang='lat' dir='ltr'>31111210v</span> <span class='ocrx_word' id='word_1_148' title='bbox 1984 1512 2145 1556; x_wconf 83' lang='lat' dir='ltr'>Rotulo</span> 
     </span>
     <span class='ocr_line' id='line_1_14' title="bbox 196 1608 598 1661; baseline -0.007 -11"><span class='ocrx_word' id='word_1_149' title='bbox 196 1622 367 1650; x_wconf 76' lang='lat' dir='ltr'>cxxxm.</span> <span class='ocrx_word' id='word_1_150' title='bbox 433 1608 598 1661; x_wconf 83' lang='lat'>(1353).</span> 
     </span>
    </p>

    <p class='ocr_par' dir='ltr' id='par_1_4' title="bbox 195 1694 2147 1842">
     <span class='ocr_line' id='line_1_15' title="bbox 252 1694 2147 1750; baseline -0.002 -9"><span class='ocrx_word' id='word_1_151' title='bbox 252 1698 442 1741; x_wconf 75' lang='lat' dir='ltr'>THOMAS</span> <span class='ocrx_word' id='word_1_152' title='bbox 467 1698 518 1739; x_wconf 90' lang='lat' dir='ltr'>de</span> <span class='ocrx_word' id='word_1_153' title='bbox 553 1697 707 1740; x_wconf 79' lang='lat' dir='ltr'>BELLO</span> <span class='ocrx_word' id='word_1_154' title='bbox 739 1696 896 1739; x_wconf 81' lang='lat' dir='ltr'><strong>CAMPO</strong></span> <span class='ocrx_word' id='word_1_155' title='bbox 925 1711 1060 1738; x_wconf 84' lang='lat' dir='ltr'>comes</span> <span class='ocrx_word' id='word_1_156' title='bbox 1088 1695 1333 1739; x_wconf 80' lang='lat' dir='ltr'>WARWICK</span> <span class='ocrx_word' id='word_1_157' title='bbox 1359 1710 1433 1750; x_wconf 85' lang='lat' dir='ltr'>per</span> <span class='ocrx_word' id='word_1_158' title='bbox 1461 1694 1743 1737; x_wconf 75' lang='lat' dir='ltr'>NchOLAUM</span> <span class='ocrx_word' id='word_1_159' title='bbox 1769 1696 1822 1737; x_wconf 87' lang='lat' dir='ltr'>de</span> <span class='ocrx_word' id='word_1_160' title='bbox 1853 1695 1985 1738; x_wconf 68' lang='lat' dir='ltr'>Rom&lt;</span> <span class='ocrx_word' id='word_1_161' title='bbox 2017 1698 2147 1738; x_wconf 87' lang='lat' dir='ltr'>attor-</span> 
     </span>
     <span class='ocr_line' id='line_1_16' title="bbox 195 1786 1011 1842; baseline -0.005 -10"><span class='ocrx_word' id='word_1_162' title='bbox 195 1794 345 1832; x_wconf 80' lang='lat' dir='ltr'>natum</span> <span class='ocrx_word' id='word_1_163' title='bbox 367 1803 504 1840; x_wconf 87' lang='lat' dir='ltr'>suum,</span> <span class='ocrx_word' id='word_1_164' title='bbox 527 1793 618 1839; x_wconf 61' lang='lat' dir='ltr'>etc„</span> <span class='ocrx_word' id='word_1_165' title='bbox 643 1791 719 1830; x_wconf 88' lang='lat' dir='ltr'>etc.</span> <span class='ocrx_word' id='word_1_166' title='bbox 747 1788 810 1842; x_wconf 87' lang='lat' dir='ltr'>(as</span> <span class='ocrx_word' id='word_1_167' title='bbox 833 1786 1011 1841; x_wconf 74' lang='lat' dir='ltr'>before).</span> 
     </span>
    </p>

    <p class='ocr_par' dir='ltr' id='par_1_5' title="bbox 195 1877 2158 3027">
     <span class='ocr_line' id='line_1_17' title="bbox 252 1877 2148 1936; baseline -0.001 -13"><span class='ocrx_word' id='word_1_168' title='bbox 252 1882 295 1926; x_wconf 64' lang='lat' dir='ltr'><strong>fl</strong></span> <span class='ocrx_word' id='word_1_169' title='bbox 327 1880 387 1922; x_wconf 86' lang='lat' dir='ltr'>Et</span> <span class='ocrx_word' id='word_1_170' title='bbox 408 1880 620 1936; x_wconf 86' lang='lat' dir='ltr'>predictus</span> <span class='ocrx_word' id='word_1_171' title='bbox 633 1879 663 1922; x_wconf 86' lang='lat' dir='ltr'><strong>J</strong></span> <span class='ocrx_word' id='word_1_172' title='bbox 665 1893 875 1921; x_wconf 83' lang='lat' dir='ltr'><strong>OHANNES</strong></span> <span class='ocrx_word' id='word_1_173' title='bbox 891 1879 943 1920; x_wconf 89' lang='lat' dir='ltr'>de</span> <span class='ocrx_word' id='word_1_174' title='bbox 964 1877 1195 1920; x_wconf 78' lang='lat' dir='ltr'>MOUBRAY</span> <span class='ocrx_word' id='word_1_175' title='bbox 1211 1878 1257 1919; x_wconf 90' lang='lat' dir='ltr'>in</span> <span class='ocrx_word' id='word_1_176' title='bbox 1277 1877 1447 1933; x_wconf 83' lang='lat' dir='ltr'>propria</span> <span class='ocrx_word' id='word_1_177' title='bbox 1468 1891 1646 1933; x_wconf 85' lang='lat' dir='ltr'>persona</span> <span class='ocrx_word' id='word_1_178' title='bbox 1668 1892 1743 1919; x_wconf 84' lang='lat' dir='ltr'>sua</span> <span class='ocrx_word' id='word_1_179' title='bbox 1759 1878 1877 1920; x_wconf 86' lang='lat' dir='ltr'>venit</span> <span class='ocrx_word' id='word_1_180' title='bbox 1891 1883 1933 1920; x_wconf 88' lang='lat' dir='ltr'>et</span> <span class='ocrx_word' id='word_1_181' title='bbox 1954 1879 2148 1922; x_wconf 80' lang='lat' dir='ltr'>defendit</span> 
     </span>
     <span class='ocr_line' id='line_1_18' title="bbox 195 1968 2149 2028; baseline -0.001 -14"><span class='ocrx_word' id='word_1_182' title='bbox 195 1972 266 2028; x_wconf 81' lang='lat' dir='ltr'>jus</span> <span class='ocrx_word' id='word_1_183' title='bbox 294 1986 417 2014; x_wconf 87' lang='lat' dir='ltr'>suum</span> <span class='ocrx_word' id='word_1_184' title='bbox 449 1971 633 2026; x_wconf 87' lang='lat' dir='ltr'>quando,</span> <span class='ocrx_word' id='word_1_185' title='bbox 655 1974 731 2012; x_wconf 89' lang='lat' dir='ltr'>etc.</span> <span class='ocrx_word' id='word_1_186' title='bbox 794 1969 854 2012; x_wconf 86' lang='lat' dir='ltr'>Et</span> <span class='ocrx_word' id='word_1_187' title='bbox 879 1984 967 2011; x_wconf 89' lang='lat' dir='ltr'>non</span> <span class='ocrx_word' id='word_1_188' title='bbox 989 1969 1278 2025; x_wconf 85' lang='lat' dir='ltr'>cognoscendo</span> <span class='ocrx_word' id='word_1_189' title='bbox 1308 1969 1421 2023; x_wconf 88' lang='lat' dir='ltr'>quod</span> <span class='ocrx_word' id='word_1_190' title='bbox 1447 1968 1686 2024; x_wconf 84' lang='lat' dir='ltr'>predictum</span> <span class='ocrx_word' id='word_1_191' title='bbox 1715 1972 1898 2011; x_wconf 81' lang='lat' dir='ltr'>castrum</span> <span class='ocrx_word' id='word_1_192' title='bbox 1928 1970 1981 2012; x_wconf 84' lang='lat' dir='ltr'>sit</span> <span class='ocrx_word' id='word_1_193' title='bbox 2014 1986 2149 2013; x_wconf 87' lang='lat' dir='ltr'>unum</span> 
     </span>
     <span class='ocr_line' id='line_1_19' title="bbox 198 2059 2151 2119; baseline 0.001 -15"><span class='ocrx_word' id='word_1_194' title='bbox 198 2077 391 2119; x_wconf 88' lang='lat' dir='ltr'>grossum</span> <span class='ocrx_word' id='word_1_195' title='bbox 407 2077 481 2117; x_wconf 74' lang='lat' dir='ltr'>per</span> <span class='ocrx_word' id='word_1_196' title='bbox 495 2076 536 2103; x_wconf 88' lang='lat' dir='ltr'>se</span> <span class='ocrx_word' id='word_1_197' title='bbox 553 2076 629 2103; x_wconf 89' lang='lat' dir='ltr'>nec</span> <span class='ocrx_word' id='word_1_198' title='bbox 651 2063 770 2103; x_wconf 85' lang='lat' dir='ltr'>extra</span> <span class='ocrx_word' id='word_1_199' title='bbox 783 2064 939 2103; x_wconf 86' lang='lat' dir='ltr'>terram</span> <span class='ocrx_word' id='word_1_200' title='bbox 955 2061 1006 2102; x_wconf 89' lang='lat' dir='ltr'>de</span> <span class='ocrx_word' id='word_1_201' title='bbox 1030 2059 1201 2102; x_wconf 77' lang='lat' dir='ltr'>GowER</span> <span class='ocrx_word' id='word_1_202' title='bbox 1218 2059 1321 2101; x_wconf 92' lang='lat' dir='ltr'>dicit</span> <span class='ocrx_word' id='word_1_203' title='bbox 1336 2060 1450 2115; x_wconf 83' lang='lat' dir='ltr'>quod</span> <span class='ocrx_word' id='word_1_204' title='bbox 1471 2059 1545 2101; x_wconf 88' lang='lat' dir='ltr'>ubi</span> <span class='ocrx_word' id='word_1_205' title='bbox 1567 2059 1780 2115; x_wconf 85' lang='lat' dir='ltr'>predictus</span> <span class='ocrx_word' id='word_1_206' title='bbox 1794 2075 1930 2102; x_wconf 87' lang='lat' dir='ltr'>comes</span> <span class='ocrx_word' id='word_1_207' title='bbox 1946 2076 2020 2116; x_wconf 89' lang='lat' dir='ltr'>per</span> <span class='ocrx_word' id='word_1_208' title='bbox 2035 2062 2151 2105; x_wconf 87' lang='lat' dir='ltr'>istud</span> 
     </span>
     <span class='ocr_line' id='line_1_20' title="bbox 200 2149 2152 2206; baseline -0.001 -10"><span class='ocrx_word' id='word_1_209' title='bbox 200 2154 324 2196; x_wconf 88' lang='lat' dir='ltr'>breve</span> <span class='ocrx_word' id='word_1_210' title='bbox 340 2154 392 2195; x_wconf 87' lang='lat' dir='ltr'>de</span> <span class='ocrx_word' id='word_1_211' title='bbox 413 2156 525 2195; x_wconf 89' lang='lat' dir='ltr'>recto</span> <span class='ocrx_word' id='word_1_212' title='bbox 546 2153 650 2194; x_wconf 80' lang='lat' dir='ltr'>facit</span> <span class='ocrx_word' id='word_1_213' title='bbox 672 2152 927 2195; x_wconf 80' lang='lat' dir='ltr'>demandam</span> <span class='ocrx_word' id='word_1_214' title='bbox 948 2166 1068 2193; x_wconf 90' lang='lat' dir='ltr'>suam</span> <span class='ocrx_word' id='word_1_215' title='bbox 1090 2152 1142 2193; x_wconf 85' lang='lat' dir='ltr'>de</span> <span class='ocrx_word' id='word_1_216' title='bbox 1162 2150 1351 2206; x_wconf 87' lang='lat' dir='ltr'>predicto</span> <span class='ocrx_word' id='word_1_217' title='bbox 1373 2153 1509 2193; x_wconf 88' lang='lat' dir='ltr'>castro</span> <span class='ocrx_word' id='word_1_218' title='bbox 1530 2151 1582 2192; x_wconf 92' lang='lat' dir='ltr'>de</span> <span class='ocrx_word' id='word_1_219' title='bbox 1603 2149 1881 2193; x_wconf 81' lang='lat' dir='ltr'>SWEYNESEY</span> <span class='ocrx_word' id='word_1_220' title='bbox 1902 2155 1944 2194; x_wconf 91' lang='lat' dir='ltr'>et</span> <span class='ocrx_word' id='word_1_221' title='bbox 1966 2153 2017 2195; x_wconf 87' lang='lat' dir='ltr'>de</span> <span class='ocrx_word' id='word_1_222' title='bbox 2039 2156 2152 2195; x_wconf 86' lang='lat' dir='ltr'>terra</span> 
     </span>
     <span class='ocr_line' id='line_1_21' title="bbox 201 2240 2152 2298; baseline -0.001 -11"><span class='ocrx_word' id='word_1_223' title='bbox 201 2245 253 2286; x_wconf 91' lang='lat' dir='ltr'>de</span> <span class='ocrx_word' id='word_1_224' title='bbox 285 2243 456 2287; x_wconf 75' lang='lat' dir='ltr'>GOWER</span> <span class='ocrx_word' id='word_1_225' title='bbox 484 2258 580 2285; x_wconf 88' lang='lat' dir='ltr'>cum</span> <span class='ocrx_word' id='word_1_226' title='bbox 608 2243 876 2298; x_wconf 82' lang='lat' dir='ltr'>pertinentiis</span> <span class='ocrx_word' id='word_1_227' title='bbox 907 2243 952 2284; x_wconf 89' lang='lat' dir='ltr'>in</span> <span class='ocrx_word' id='word_1_228' title='bbox 974 2241 1170 2285; x_wconf 75' lang='lat' dir='ltr'><strong>WALLIA</strong></span> <span class='ocrx_word' id='word_1_229' title='bbox 1193 2244 1234 2283; x_wconf 88' lang='lat' dir='ltr'>et</span> <span class='ocrx_word' id='word_1_230' title='bbox 1260 2255 1346 2283; x_wconf 90' lang='lat' dir='ltr'>non</span> <span class='ocrx_word' id='word_1_231' title='bbox 1368 2240 1471 2282; x_wconf 79' lang='lat' dir='ltr'>facit</span> <span class='ocrx_word' id='word_1_232' title='bbox 1493 2242 1748 2283; x_wconf 85' lang='lat' dir='ltr'>demandam</span> <span class='ocrx_word' id='word_1_233' title='bbox 1770 2257 1891 2284; x_wconf 90' lang='lat' dir='ltr'>suam</span> <span class='ocrx_word' id='word_1_234' title='bbox 1912 2258 1987 2298; x_wconf 85' lang='lat' dir='ltr'>per</span> <span class='ocrx_word' id='word_1_235' title='bbox 2006 2243 2152 2286; x_wconf 88' lang='lat' dir='ltr'>termi-</span> 
     </span>
     <span class='ocr_line' id='line_1_22' title="bbox 201 2332 2153 2390; baseline 0 -13"><span class='ocrx_word' id='word_1_236' title='bbox 201 2350 306 2377; x_wconf 88' lang='lat' dir='ltr'>num</span> <span class='ocrx_word' id='word_1_237' title='bbox 334 2334 442 2390; x_wconf 83' lang='lat' dir='ltr'>legis</span> <span class='ocrx_word' id='word_1_238' title='bbox 471 2349 547 2376; x_wconf 87' lang='lat' dir='ltr'>nec</span> <span class='ocrx_word' id='word_1_239' title='bbox 575 2349 650 2390; x_wconf 87' lang='lat' dir='ltr'>per</span> <span class='ocrx_word' id='word_1_240' title='bbox 681 2334 864 2376; x_wconf 80' lang='lat' dir='ltr'>formam</span> <span class='ocrx_word' id='word_1_241' title='bbox 892 2333 1096 2375; x_wconf 86' lang='lat' dir='ltr'>usitatam</span> <span class='ocrx_word' id='word_1_242' title='bbox 1124 2332 1321 2374; x_wconf 90' lang='lat' dir='ltr'>videlicet</span> <span class='ocrx_word' id='word_1_243' title='bbox 1349 2332 1394 2374; x_wconf 89' lang='lat' dir='ltr'>in</span> <span class='ocrx_word' id='word_1_244' title='bbox 1420 2332 1565 2387; x_wconf 85' lang='lat' dir='ltr'>aliqua</span> <span class='ocrx_word' id='word_1_245' title='bbox 1592 2336 1706 2374; x_wconf 86' lang='lat' dir='ltr'>certa</span> <span class='ocrx_word' id='word_1_246' title='bbox 1736 2333 1839 2375; x_wconf 89' lang='lat' dir='ltr'>villa</span> <span class='ocrx_word' id='word_1_247' title='bbox 1861 2348 1934 2376; x_wconf 91' lang='lat' dir='ltr'>seu</span> <span class='ocrx_word' id='word_1_248' title='bbox 1965 2334 2012 2376; x_wconf 88' lang='lat' dir='ltr'>in</span> <span class='ocrx_word' id='word_1_249' title='bbox 2038 2335 2153 2377; x_wconf 87' lang='lat' dir='ltr'>villis</span> 
     </span>
     <span class='ocr_line' id='line_1_23' title="bbox 202 2423 2154 2482; baseline 0 -15"><span class='ocrx_word' id='word_1_250' title='bbox 202 2430 329 2482; x_wconf 87' lang='lat' dir='ltr'>prout</span> <span class='ocrx_word' id='word_1_251' title='bbox 359 2441 433 2482; x_wconf 88' lang='lat' dir='ltr'>per</span> <span class='ocrx_word' id='word_1_252' title='bbox 462 2426 602 2482; x_wconf 82' lang='lat' dir='ltr'>legem</span> <span class='ocrx_word' id='word_1_253' title='bbox 637 2425 820 2467; x_wconf 68' lang='lat' dir='ltr'>ANGLm</span> <span class='ocrx_word' id='word_1_254' title='bbox 856 2440 932 2480; x_wconf 86' lang='lat' dir='ltr'>per</span> <span class='ocrx_word' id='word_1_255' title='bbox 967 2424 1188 2479; x_wconf 88' lang='lat' dir='ltr'>antiquam</span> <span class='ocrx_word' id='word_1_256' title='bbox 1224 2423 1573 2466; x_wconf 86' lang='lat' dir='ltr'>consuetudinem</span> <span class='ocrx_word' id='word_1_257' title='bbox 1608 2423 1894 2478; x_wconf 81' lang='lat' dir='ltr'>requireretur</span> <span class='ocrx_word' id='word_1_258' title='bbox 1928 2424 2003 2467; x_wconf 90' lang='lat' dir='ltr'>ubi</span> <span class='ocrx_word' id='word_1_259' title='bbox 2038 2425 2154 2467; x_wconf 85' lang='lat' dir='ltr'>infra</span> 
     </span>
     <span class='ocr_line' id='line_1_24' title="bbox 203 2514 2156 2570; baseline 0 -11"><span class='ocrx_word' id='word_1_260' title='bbox 203 2520 361 2560; x_wconf 87' lang='lat' dir='ltr'>terram</span> <span class='ocrx_word' id='word_1_261' title='bbox 382 2518 434 2559; x_wconf 89' lang='lat' dir='ltr'>de</span> <span class='ocrx_word' id='word_1_262' title='bbox 461 2516 632 2559; x_wconf 73' lang='lat' dir='ltr'>GowER</span> <span class='ocrx_word' id='word_1_263' title='bbox 660 2519 760 2559; x_wconf 89' lang='lat' dir='ltr'>sunt</span> <span class='ocrx_word' id='word_1_264' title='bbox 791 2516 955 2558; x_wconf 86' lang='lat' dir='ltr'>diverse</span> <span class='ocrx_word' id='word_1_265' title='bbox 985 2515 1085 2557; x_wconf 85' lang='lat' dir='ltr'>ville</span> <span class='ocrx_word' id='word_1_266' title='bbox 1115 2515 1159 2556; x_wconf 89' lang='lat' dir='ltr'>in</span> <span class='ocrx_word' id='word_1_267' title='bbox 1191 2514 1345 2570; x_wconf 88' lang='lat' dir='ltr'>quibus</span> <span class='ocrx_word' id='word_1_268' title='bbox 1375 2516 1484 2556; x_wconf 88' lang='lat' dir='ltr'>terre</span> <span class='ocrx_word' id='word_1_269' title='bbox 1515 2517 1558 2556; x_wconf 91' lang='lat' dir='ltr'>et</span> <span class='ocrx_word' id='word_1_270' title='bbox 1585 2518 1829 2557; x_wconf 86' lang='lat' dir='ltr'>tenementa</span> <span class='ocrx_word' id='word_1_271' title='bbox 1860 2516 1913 2557; x_wconf 90' lang='lat' dir='ltr'>de</span> <span class='ocrx_word' id='word_1_272' title='bbox 1943 2517 2156 2559; x_wconf 90' lang='lat' dir='ltr'>demanda</span> 
     </span>
     <span class='ocr_line' id='line_1_25' title="bbox 205 2606 2155 2664; baseline -0.001 -14"><span class='ocrx_word' id='word_1_273' title='bbox 205 2608 394 2664; x_wconf 89' lang='lat' dir='ltr'>predicta</span> <span class='ocrx_word' id='word_1_274' title='bbox 429 2607 620 2650; x_wconf 78' lang='lat' dir='ltr'>existunt</span> <span class='ocrx_word' id='word_1_275' title='bbox 659 2607 704 2649; x_wconf 90' lang='lat' dir='ltr'>in</span> <span class='ocrx_word' id='word_1_276' title='bbox 738 2606 892 2662; x_wconf 89' lang='lat' dir='ltr'>quibus</span> <span class='ocrx_word' id='word_1_277' title='bbox 923 2606 1036 2648; x_wconf 87' lang='lat' dir='ltr'>villis</span> <span class='ocrx_word' id='word_1_278' title='bbox 1069 2606 1282 2661; x_wconf 89' lang='lat' dir='ltr'>predictus</span> <span class='ocrx_word' id='word_1_279' title='bbox 1315 2620 1452 2648; x_wconf 89' lang='lat' dir='ltr'>comes</span> <span class='ocrx_word' id='word_1_280' title='bbox 1485 2606 1631 2647; x_wconf 87' lang='lat' dir='ltr'>eadem</span> <span class='ocrx_word' id='word_1_281' title='bbox 1668 2610 1802 2648; x_wconf 87' lang='lat' dir='ltr'>terras</span> <span class='ocrx_word' id='word_1_282' title='bbox 1837 2609 1879 2648; x_wconf 88' lang='lat' dir='ltr'>et</span> <span class='ocrx_word' id='word_1_283' title='bbox 1911 2609 2155 2649; x_wconf 86' lang='lat' dir='ltr'>tenementa</span> 
     </span>
     <span class='ocr_line' id='line_1_26' title="bbox 204 2695 2157 2755; baseline -0.001 -14"><span class='ocrx_word' id='word_1_284' title='bbox 204 2714 279 2755; x_wconf 91' lang='lat' dir='ltr'>per</span> <span class='ocrx_word' id='word_1_285' title='bbox 318 2699 602 2754; x_wconf 82' lang='lat' dir='ltr'>quantitatem</span> <span class='ocrx_word' id='word_1_286' title='bbox 631 2701 921 2740; x_wconf 87' lang='lat' dir='ltr'>carucatarum</span> <span class='ocrx_word' id='word_1_287' title='bbox 954 2712 1027 2739; x_wconf 89' lang='lat' dir='ltr'>seu</span> <span class='ocrx_word' id='word_1_288' title='bbox 1063 2710 1254 2739; x_wconf 86' lang='lat' dir='ltr'>acrarum</span> <span class='ocrx_word' id='word_1_289' title='bbox 1286 2699 1397 2738; x_wconf 83' lang='lat' dir='ltr'>terre</span> <span class='ocrx_word' id='word_1_290' title='bbox 1431 2699 1473 2738; x_wconf 88' lang='lat' dir='ltr'>et</span> <span class='ocrx_word' id='word_1_291' title='bbox 1508 2710 1583 2751; x_wconf 86' lang='lat' dir='ltr'>per</span> <span class='ocrx_word' id='word_1_292' title='bbox 1623 2695 1728 2738; x_wconf 84' lang='lat' dir='ltr'>alias</span> <span class='ocrx_word' id='word_1_293' title='bbox 1767 2696 2030 2751; x_wconf 85' lang='lat' dir='ltr'>quantitates</span> <span class='ocrx_word' id='word_1_294' title='bbox 2069 2698 2157 2754; x_wconf 87' lang='lat' dir='ltr'>legi</span> 
     </span>
     <span class='ocr_line' id='line_1_27' title="bbox 207 2786 2158 2844; baseline -0.001 -12"><span class='ocrx_word' id='word_1_295' title='bbox 207 2790 390 2832; x_wconf 81' lang='lat' dir='ltr'><strong>ANGLIE</strong></span> <span class='ocrx_word' id='word_1_296' title='bbox 426 2790 726 2832; x_wconf 86' lang='lat' dir='ltr'>concordantes</span> <span class='ocrx_word' id='word_1_297' title='bbox 758 2788 939 2844; x_wconf 79' lang='lat' dir='ltr'>exigisse</span> <span class='ocrx_word' id='word_1_298' title='bbox 978 2787 1184 2843; x_wconf 84' lang='lat' dir='ltr'>potuisset</span> <span class='ocrx_word' id='word_1_299' title='bbox 1224 2786 1421 2829; x_wconf 88' lang='lat' dir='ltr'>videlicet</span> <span class='ocrx_word' id='word_1_300' title='bbox 1462 2787 1564 2828; x_wconf 86' lang='lat' dir='ltr'>villa</span> <span class='ocrx_word' id='word_1_301' title='bbox 1599 2787 1652 2828; x_wconf 85' lang='lat' dir='ltr'>de</span> <span class='ocrx_word' id='word_1_302' title='bbox 1686 2786 1962 2829; x_wconf 77' lang='lat' dir='ltr'>SWEYNESEY</span> <span class='ocrx_word' id='word_1_303' title='bbox 1994 2787 2039 2829; x_wconf 89' lang='lat' dir='ltr'>in</span> <span class='ocrx_word' id='word_1_304' title='bbox 2073 2803 2158 2843; x_wconf 89' lang='lat' dir='ltr'>qua</span> 
     </span>
     <span class='ocr_line' id='line_1_28' title="bbox 208 2877 2158 2936; baseline -0.001 -14"><span class='ocrx_word' id='word_1_305' title='bbox 208 2883 308 2923; x_wconf 89' lang='lat' dir='ltr'>sunt</span> <span class='ocrx_word' id='word_1_306' title='bbox 347 2880 585 2936; x_wconf 88' lang='lat' dir='ltr'>predictum</span> <span class='ocrx_word' id='word_1_307' title='bbox 619 2883 802 2922; x_wconf 85' lang='lat' dir='ltr'>castrum</span> <span class='ocrx_word' id='word_1_308' title='bbox 838 2882 880 2922; x_wconf 88' lang='lat' dir='ltr'>et</span> <span class='ocrx_word' id='word_1_309' title='bbox 910 2880 1053 2921; x_wconf 84' lang='lat' dir='ltr'>decem</span> <span class='ocrx_word' id='word_1_310' title='bbox 1084 2878 1237 2921; x_wconf 86' lang='lat' dir='ltr'>librate</span> <span class='ocrx_word' id='word_1_311' title='bbox 1267 2878 1458 2920; x_wconf 86' lang='lat' dir='ltr'>redditus</span> <span class='ocrx_word' id='word_1_312' title='bbox 1495 2911 1504 2919; x_wconf 83' lang='grc'><strong>.</strong></span> <span class='ocrx_word' id='word_1_313' title='bbox 1539 2877 1642 2919; x_wconf 83' lang='lat' dir='ltr'>villa</span> <span class='ocrx_word' id='word_1_314' title='bbox 1673 2879 1726 2920; x_wconf 91' lang='lat' dir='ltr'>de</span> <span class='ocrx_word' id='word_1_315' title='bbox 1757 2877 2158 2921; x_wconf 77' lang='lat' dir='ltr'>MILWODESKETTY</span> 
     </span>
     <span class='ocr_line' id='line_1_29' title="bbox 208 2969 2156 3027; baseline -0.001 -13"><span class='ocrx_word' id='word_1_316' title='bbox 208 2972 253 3014; x_wconf 83' lang='lat' dir='ltr'>in</span> <span class='ocrx_word' id='word_1_317' title='bbox 282 2987 366 3027; x_wconf 87' lang='lat' dir='ltr'>qua</span> <span class='ocrx_word' id='word_1_318' title='bbox 401 2974 501 3014; x_wconf 85' lang='lat' dir='ltr'>sunt</span> <span class='ocrx_word' id='word_1_319' title='bbox 528 2973 673 3013; x_wconf 87' lang='lat' dir='ltr'>decem</span> <span class='ocrx_word' id='word_1_320' title='bbox 699 2974 890 3013; x_wconf 73' lang='lat' dir='ltr'>carucata</span> <span class='ocrx_word' id='word_1_321' title='bbox 918 2975 1027 3012; x_wconf 87' lang='lat' dir='ltr'>terre</span> <span class='ocrx_word' id='word_1_322' title='bbox 1057 3003 1066 3011; x_wconf 92' lang='lat'><em>.</em></span> <span class='ocrx_word' id='word_1_323' title='bbox 1101 2969 1204 3011; x_wconf 88' lang='lat' dir='ltr'>villa</span> <span class='ocrx_word' id='word_1_324' title='bbox 1239 2970 1292 3011; x_wconf 88' lang='lat' dir='ltr'>de</span> <span class='ocrx_word' id='word_1_325' title='bbox 1325 2969 1618 3011; x_wconf 78' lang='lat' dir='ltr'>OSTREMUTH&#39;</span> <span class='ocrx_word' id='word_1_326' title='bbox 1640 2970 1686 3011; x_wconf 92' lang='lat' dir='ltr'>in</span> <span class='ocrx_word' id='word_1_327' title='bbox 1717 2984 1802 3025; x_wconf 88' lang='lat' dir='ltr'>qua</span> <span class='ocrx_word' id='word_1_328' title='bbox 1838 2972 1938 3012; x_wconf 85' lang='lat' dir='ltr'>sunt</span> <span class='ocrx_word' id='word_1_329' title='bbox 1972 2972 2156 3012; x_wconf 81' lang='lat' dir='ltr'>castrum</span> 
     </span>
    </p>
   </div>
   <div class='ocr_carea' id='block_1_3' title="bbox 210 3059 2158 3116">
    <p class='ocr_par' dir='ltr' id='par_1_6' title="bbox 210 3059 2158 3116">
     <span class='ocr_line' id='line_1_30' title="bbox 210 3059 2158 3116; baseline 0 -13"><span class='ocrx_word' id='word_1_330' title='bbox 210 3063 262 3104; x_wconf 87' lang='lat' dir='ltr'>de</span> <span class='ocrx_word' id='word_1_331' title='bbox 294 3061 585 3104; x_wconf 80' lang='lat' dir='ltr'>OSTREMUTH&#39;</span> <span class='ocrx_word' id='word_1_332' title='bbox 628 3066 669 3104; x_wconf 92' lang='lat' dir='ltr'>et</span> <span class='ocrx_word' id='word_1_333' title='bbox 710 3063 855 3104; x_wconf 85' lang='lat' dir='ltr'>decem</span> <span class='ocrx_word' id='word_1_334' title='bbox 895 3064 1080 3104; x_wconf 84' lang='lat' dir='ltr'>maroate</span> <span class='ocrx_word' id='word_1_335' title='bbox 1119 3061 1312 3103; x_wconf 86' lang='lat' dir='ltr'>redditus</span> <span class='ocrx_word' id='word_1_336' title='bbox 1354 3093 1363 3102; x_wconf 91' lang='lat'><strong>.</strong></span> <span class='ocrx_word' id='word_1_337' title='bbox 1406 3060 1509 3102; x_wconf 83' lang='lat' dir='ltr'>villa</span> <span class='ocrx_word' id='word_1_338' title='bbox 1549 3061 1601 3102; x_wconf 88' lang='lat' dir='ltr'>de</span> <span class='ocrx_word' id='word_1_339' title='bbox 1642 3059 1946 3102; x_wconf 79' lang='lat' dir='ltr'>THISTELBON&#39;</span> <span class='ocrx_word' id='word_1_340' title='bbox 1987 3061 2032 3102; x_wconf 92' lang='lat' dir='ltr'>in</span> <span class='ocrx_word' id='word_1_341' title='bbox 2074 3076 2158 3116; x_wconf 90' lang='lat' dir='ltr'>qua</span> 
     </span>
    </p>
   </div>
  </div>
 </body>
</html>
