<?xml version="1.0" encoding="UTF-8"?>
<!DOCTYPE html PUBLIC "-//W3C//DTD XHTML 1.0 Transitional//EN"
    "http://www.w3.org/TR/xhtml1/DTD/xhtml1-transitional.dtd">
<html xmlns="http://www.w3.org/1999/xhtml" xml:lang="en" lang="en">
 <head>
  <title>
</title>
<meta http-equiv="Content-Type" content="text/html;charset=utf-8" />
  <meta name='ocr-system' content='tesseract 3.04.00' />
  <meta name='ocr-capabilities' content='ocr_page ocr_carea ocr_par ocr_line ocrx_word'/>
</head>
<body>
  <div class='ocr_page' id='page_1' title='image "./cartaeetaliamuni04claruoft_0223.png"; bbox 0 0 2386 3645; ppageno 0'>
   <div class='ocr_carea' id='block_1_1' title="bbox 1977 267 2086 310">
    <p class='ocr_par' dir='ltr' id='par_1_1' title="bbox 1977 267 2086 310">
     <span class='ocr_line' id='line_1_1' title="bbox 1977 267 2086 310; baseline 0.018 -2"><span class='ocrx_word' id='word_1_1' title='bbox 1977 267 2086 310; x_wconf 86' lang='lat'>1347</span> 
     </span>
    </p>
   </div>
   <div class='ocr_carea' id='block_1_2' title="bbox 190 460 2146 886">
    <p class='ocr_par' dir='ltr' id='par_1_2' title="bbox 190 460 2145 778">
     <span class='ocr_line' id='line_1_2' title="bbox 196 460 2145 518; baseline 0.008 -15"><span class='ocrx_word' id='word_1_2' title='bbox 196 460 285 504; x_wconf 88' lang='lat' dir='ltr'>sive</span> <span class='ocrx_word' id='word_1_3' title='bbox 304 461 707 518; x_wconf 84' lang='lat' dir='ltr'>ymaginacionibus</span> <span class='ocrx_word' id='word_1_4' title='bbox 730 462 778 504; x_wconf 91' lang='lat' dir='ltr'>in</span> <span class='ocrx_word' id='word_1_5' title='bbox 799 463 1058 506; x_wconf 86' lang='lat' dir='ltr'>contrarium</span> <span class='ocrx_word' id='word_1_6' title='bbox 1081 479 1169 506; x_wconf 93' lang='lat' dir='ltr'>non</span> <span class='ocrx_word' id='word_1_7' title='bbox 1196 463 1475 509; x_wconf 79' lang='lat' dir='ltr'>obstantibus.</span> <span class='ocrx_word' id='word_1_8' title='bbox 1536 468 1591 510; x_wconf 93' lang='lat' dir='ltr'>In</span> <span class='ocrx_word' id='word_1_9' title='bbox 1623 469 1740 512; x_wconf 88' lang='lat' dir='ltr'>cuius</span> <span class='ocrx_word' id='word_1_10' title='bbox 1762 471 1824 514; x_wconf 91' lang='lat' dir='ltr'>rei</span> <span class='ocrx_word' id='word_1_11' title='bbox 1852 473 2145 518; x_wconf 86' lang='lat' dir='ltr'>testimonium</span> 
     </span>
     <span class='ocr_line' id='line_1_3' title="bbox 193 552 2144 610; baseline 0.007 -15"><span class='ocrx_word' id='word_1_12' title='bbox 193 552 462 609; x_wconf 77' lang='lat' dir='ltr'><strong>presentibus</strong></span> <span class='ocrx_word' id='word_1_13' title='bbox 488 553 681 609; x_wconf 86' lang='lat' dir='ltr'>sigillum</span> <span class='ocrx_word' id='word_1_14' title='bbox 708 555 906 596; x_wconf 84' lang='lat' dir='ltr'>nostrum</span> <span class='ocrx_word' id='word_1_15' title='bbox 936 554 1222 610; x_wconf 87' lang='lat' dir='ltr'>apposuimus.</span> <span class='ocrx_word' id='word_1_16' title='bbox 1284 555 1389 599; x_wconf 88' lang='lat' dir='ltr'>Hiis</span> <span class='ocrx_word' id='word_1_17' title='bbox 1421 557 1601 601; x_wconf 86' lang='lat' dir='ltr'>testibus</span> <span class='ocrx_word' id='word_1_18' title='bbox 1624 592 1632 601; x_wconf 93' lang='lat'><strong>.</strong></span> <span class='ocrx_word' id='word_1_19' title='bbox 1656 560 1839 604; x_wconf 81' lang='lat' dir='ltr'>dominis</span> <span class='ocrx_word' id='word_1_20' title='bbox 1858 562 2070 607; x_wconf 82' lang='lat' dir='ltr'>HENRICO</span> <span class='ocrx_word' id='word_1_21' title='bbox 2092 567 2144 608; x_wconf 89' lang='lat' dir='ltr'>de</span> 
     </span>
     <span class='ocr_line' id='line_1_4' title="bbox 191 643 2144 699; baseline 0.006 -12"><span class='ocrx_word' id='word_1_22' title='bbox 191 643 422 687; x_wconf 72' lang='lat' dir='ltr'><strong>ARDERNE</strong></span> <span class='ocrx_word' id='word_1_23' title='bbox 454 677 463 686; x_wconf 92' lang='lat'><strong><em>.</em></strong></span> <span class='ocrx_word' id='word_1_24' title='bbox 496 643 667 687; x_wconf 67' lang='grc' dir='ltr'><strong>ΤΗΟΜΑ</strong></span> <span class='ocrx_word' id='word_1_25' title='bbox 697 644 750 686; x_wconf 92' lang='lat' dir='ltr'>de</span> <span class='ocrx_word' id='word_1_26' title='bbox 782 644 1078 687; x_wconf 79' lang='lat' dir='ltr'>BYRMYSHAM</span> <span class='ocrx_word' id='word_1_27' title='bbox 1101 679 1109 687; x_wconf 96' lang='lat'><strong><em>.</em></strong></span> <span class='ocrx_word' id='word_1_28' title='bbox 1132 645 1163 689; x_wconf 88' lang='lat' dir='ltr'><strong>J</strong></span> <span class='ocrx_word' id='word_1_29' title='bbox 1166 660 1353 688; x_wconf 77' lang='lat' dir='ltr'>oHANNE</span> <span class='ocrx_word' id='word_1_30' title='bbox 1384 648 1437 690; x_wconf 90' lang='lat' dir='ltr'>de</span> <span class='ocrx_word' id='word_1_31' title='bbox 1466 648 1509 690; x_wconf 88' lang='lat' dir='ltr'>la</span> <span class='ocrx_word' id='word_1_32' title='bbox 1529 648 1658 691; x_wconf 77' lang='lat' dir='ltr'>BERE</span> <span class='ocrx_word' id='word_1_33' title='bbox 1680 651 1887 695; x_wconf 80' lang='lat' dir='ltr'>militibus</span> <span class='ocrx_word' id='word_1_34' title='bbox 1909 687 1917 695; x_wconf 91' lang='lat'>.</span> <span class='ocrx_word' id='word_1_35' title='bbox 1941 654 2144 699; x_wconf 68' lang='lat' dir='ltr'>RmARno</span> 
     </span>
     <span class='ocr_line' id='line_1_5' title="bbox 190 733 1167 778; baseline 0.001 -1"><span class='ocrx_word' id='word_1_36' title='bbox 190 733 438 777; x_wconf 80' lang='lat' dir='ltr'>SCURLAGH</span> <span class='ocrx_word' id='word_1_37' title='bbox 461 768 470 777; x_wconf 91' lang='lat'>.</span> <span class='ocrx_word' id='word_1_38' title='bbox 494 735 700 778; x_wconf 78' lang='lat' dir='ltr'>RICARDO</span> <span class='ocrx_word' id='word_1_39' title='bbox 721 735 774 778; x_wconf 89' lang='lat' dir='ltr'>de</span> <span class='ocrx_word' id='word_1_40' title='bbox 794 735 978 777; x_wconf 75' lang='lat' dir='ltr'>PENREs</span> <span class='ocrx_word' id='word_1_41' title='bbox 998 739 1042 778; x_wconf 92' lang='lat' dir='ltr'>et</span> <span class='ocrx_word' id='word_1_42' title='bbox 1061 736 1167 778; x_wconf 81' lang='lat' dir='ltr'>aliis.</span> 
     </span>
    </p>

    <p class='ocr_par' dir='ltr' id='par_1_3' title="bbox 248 825 2146 886">
     <span class='ocr_line' id='line_1_6' title="bbox 248 825 2146 886; baseline 0.006 -18"><span class='ocrx_word' id='word_1_43' title='bbox 248 826 415 869; x_wconf 86' lang='lat' dir='ltr'>Datum</span> <span class='ocrx_word' id='word_1_44' title='bbox 435 827 551 882; x_wconf 91' lang='lat' dir='ltr'>apud</span> <span class='ocrx_word' id='word_1_45' title='bbox 572 825 825 869; x_wconf 82' lang='lat' dir='ltr'><strong>SALWERPE</strong></span> <span class='ocrx_word' id='word_1_46' title='bbox 847 827 916 870; x_wconf 89' lang='lat' dir='ltr'>die</span> <span class='ocrx_word' id='word_1_47' title='bbox 937 827 1150 870; x_wconf 85' lang='lat' dir='ltr'>dominica</span> <span class='ocrx_word' id='word_1_48' title='bbox 1175 828 1370 884; x_wconf 86' lang='lat' dir='ltr'>proxima</span> <span class='ocrx_word' id='word_1_49' title='bbox 1398 832 1494 886; x_wconf 91' lang='lat' dir='ltr'>post</span> <span class='ocrx_word' id='word_1_50' title='bbox 1523 830 1682 874; x_wconf 81' lang='lat' dir='ltr'>festum</span> <span class='ocrx_word' id='word_1_51' title='bbox 1712 831 1858 875; x_wconf 82' lang='lat' dir='ltr'>Sancti</span> <span class='ocrx_word' id='word_1_52' title='bbox 1887 834 2146 880; x_wconf 73' lang='lat' dir='ltr'>MICHAEms</span> 
     </span>
    </p>
   </div>
   <div class='ocr_carea' id='block_1_3' title="bbox 190 917 2087 977">
    <p class='ocr_par' dir='ltr' id='par_1_4' title="bbox 190 917 2087 977">
     <span class='ocr_line' id='line_1_7' title="bbox 190 917 2087 977; baseline 0.005 -18"><span class='ocrx_word' id='word_1_53' title='bbox 190 917 456 974; x_wconf 81' lang='lat' dir='ltr'>Archangeli</span> <span class='ocrx_word' id='word_1_54' title='bbox 476 932 589 961; x_wconf 93' lang='lat' dir='ltr'>anno</span> <span class='ocrx_word' id='word_1_55' title='bbox 609 919 736 975; x_wconf 85' lang='lat' dir='ltr'>regni</span> <span class='ocrx_word' id='word_1_56' title='bbox 757 918 892 975; x_wconf 81' lang='lat' dir='ltr'>Regis</span> <span class='ocrx_word' id='word_1_57' title='bbox 914 918 1111 961; x_wconf 67' lang='lat' dir='ltr'>RmARm</span> <span class='ocrx_word' id='word_1_58' title='bbox 1133 919 1307 962; x_wconf 85' lang='lat' dir='ltr'>secundi</span> <span class='ocrx_word' id='word_1_59' title='bbox 1327 923 1422 976; x_wconf 88' lang='lat' dir='ltr'>post</span> <span class='ocrx_word' id='word_1_60' title='bbox 1444 926 1721 977; x_wconf 89' lang='lat' dir='ltr'>conquestum</span> <span class='ocrx_word' id='word_1_61' title='bbox 1740 924 1867 967; x_wconf 86' lang='lat' dir='ltr'>tertio</span> <span class='ocrx_word' id='word_1_62' title='bbox 1887 925 2087 970; x_wconf 72' lang='lat' dir='ltr'>intrante.</span> 
     </span>
    </p>
   </div>
   <div class='ocr_carea' id='block_1_4' title="bbox 249 1010 569 1054">
    <p class='ocr_par' dir='ltr' id='par_1_5' title="bbox 249 1010 569 1054">
     <span class='ocr_line' id='line_1_8' title="bbox 249 1010 569 1054; baseline 0.003 -2"><span class='ocrx_word' id='word_1_63' title='bbox 249 1010 348 1053; x_wconf 84' lang='lat' dir='ltr'>Seal</span> <span class='ocrx_word' id='word_1_64' title='bbox 369 1010 414 1053; x_wconf 80' lang='lat' dir='ltr'>of</span> <span class='ocrx_word' id='word_1_65' title='bbox 443 1025 569 1054; x_wconf 85' lang='lat' dir='ltr'>arms.</span> 
     </span>
    </p>
   </div>
   <div class='ocr_carea' id='block_1_5' title="bbox 198 1100 2137 1198">
    <p class='ocr_par' dir='ltr' id='par_1_6' title="bbox 198 1100 2137 1198">
     <span class='ocr_line' id='line_1_9' title="bbox 251 1100 2136 1147; baseline 0.004 -17"><span class='ocrx_word' id='word_1_66' title='bbox 251 1100 301 1130; x_wconf 82' lang='lat' dir='ltr'>Sir</span> <span class='ocrx_word' id='word_1_67' title='bbox 316 1101 431 1140; x_wconf 85' lang='lat' dir='ltr'>Henry</span> <span class='ocrx_word' id='word_1_68' title='bbox 446 1102 485 1131; x_wconf 92' lang='lat' dir='ltr'>de</span> <span class='ocrx_word' id='word_1_69' title='bbox 500 1102 612 1131; x_wconf 83' lang='lat' dir='ltr'>Arden</span> <span class='ocrx_word' id='word_1_70' title='bbox 628 1110 695 1131; x_wconf 84' lang='lat' dir='ltr'>was</span> <span class='ocrx_word' id='word_1_71' title='bbox 709 1110 729 1131; x_wconf 79' lang='lat' dir='ltr'>a</span> <span class='ocrx_word' id='word_1_72' title='bbox 744 1101 892 1131; x_wconf 77' lang='lat' dir='ltr'>follower</span> <span class='ocrx_word' id='word_1_73' title='bbox 906 1102 940 1131; x_wconf 81' lang='lat' dir='ltr'>of</span> <span class='ocrx_word' id='word_1_74' title='bbox 963 1100 1018 1131; x_wconf 81' lang='lat' dir='ltr'>the</span> <span class='ocrx_word' id='word_1_75' title='bbox 1034 1101 1121 1139; x_wconf 88' lang='lat' dir='ltr'>Ear1‚</span> <span class='ocrx_word' id='word_1_76' title='bbox 1135 1102 1219 1131; x_wconf 83' lang='lat' dir='ltr'>from</span> <span class='ocrx_word' id='word_1_77' title='bbox 1240 1102 1347 1132; x_wconf 82' lang='lat' dir='ltr'>whom</span> <span class='ocrx_word' id='word_1_78' title='bbox 1368 1103 1408 1132; x_wconf 88' lang='lat' dir='ltr'>he</span> <span class='ocrx_word' id='word_1_79' title='bbox 1429 1103 1493 1132; x_wconf 85' lang='lat' dir='ltr'>had</span> <span class='ocrx_word' id='word_1_80' title='bbox 1514 1113 1532 1133; x_wconf 87' lang='lat' dir='ltr'>a</span> <span class='ocrx_word' id='word_1_81' title='bbox 1548 1107 1645 1142; x_wconf 81' lang='lat' dir='ltr'>grant</span> <span class='ocrx_word' id='word_1_82' title='bbox 1660 1105 1694 1134; x_wconf 80' lang='lat' dir='ltr'>of</span> <span class='ocrx_word' id='word_1_83' title='bbox 1714 1114 1733 1134; x_wconf 87' lang='lat' dir='ltr'>a</span> <span class='ocrx_word' id='word_1_84' title='bbox 1755 1114 1868 1135; x_wconf 84' lang='lat' dir='ltr'>manor</span> <span class='ocrx_word' id='word_1_85' title='bbox 1888 1106 1922 1135; x_wconf 86' lang='lat' dir='ltr'>in</span> <span class='ocrx_word' id='word_1_86' title='bbox 1936 1107 1991 1137; x_wconf 88' lang='lat' dir='ltr'>the</span> <span class='ocrx_word' id='word_1_87' title='bbox 2007 1107 2136 1147; x_wconf 84' lang='lat' dir='ltr'>County</span> 
     </span>
     <span class='ocr_line' id='line_1_10' title="bbox 198 1157 2137 1198; baseline 0.004 -11"><span class='ocrx_word' id='word_1_88' title='bbox 198 1157 232 1187; x_wconf 76' lang='lat' dir='ltr'>of</span> <span class='ocrx_word' id='word_1_89' title='bbox 253 1157 448 1196; x_wconf 85' lang='lat' dir='ltr'>Worcester‚</span> <span class='ocrx_word' id='word_1_90' title='bbox 471 1161 485 1188; x_wconf 89' lang='lat' dir='ltr'>l</span> <span class='ocrx_word' id='word_1_91' title='bbox 510 1157 604 1188; x_wconf 85' lang='lat' dir='ltr'>Rich.</span> <span class='ocrx_word' id='word_1_92' title='bbox 620 1157 666 1187; x_wconf 88' lang='grc' dir='ltr'>Π.</span> <span class='ocrx_word' id='word_1_93' title='bbox 708 1158 760 1188; x_wconf 84' lang='lat' dir='ltr'>He</span> <span class='ocrx_word' id='word_1_94' title='bbox 781 1167 849 1188; x_wconf 82' lang='lat' dir='ltr'>was</span> <span class='ocrx_word' id='word_1_95' title='bbox 869 1158 940 1188; x_wconf 82' lang='lat' dir='ltr'>also</span> <span class='ocrx_word' id='word_1_96' title='bbox 962 1158 995 1187; x_wconf 89' lang='lat' dir='ltr'>in</span> <span class='ocrx_word' id='word_1_97' title='bbox 1016 1167 1035 1187; x_wconf 84' lang='lat' dir='ltr'>a</span> <span class='ocrx_word' id='word_1_98' title='bbox 1057 1158 1272 1196; x_wconf 87' lang='lat' dir='ltr'>commission,</span> <span class='ocrx_word' id='word_1_99' title='bbox 1288 1160 1306 1188; x_wconf 74' lang='grc' dir='ltr'><em>ὃ</em></span> <span class='ocrx_word' id='word_1_100' title='bbox 1321 1159 1413 1189; x_wconf 86' lang='lat' dir='ltr'>Rich.</span> <span class='ocrx_word' id='word_1_101' title='bbox 1436 1159 1492 1197; x_wconf 65' lang='lat'>11„</span> <span class='ocrx_word' id='word_1_102' title='bbox 1514 1165 1548 1190; x_wconf 84' lang='lat' dir='ltr'>to</span> <span class='ocrx_word' id='word_1_103' title='bbox 1570 1164 1630 1198; x_wconf 79' lang='lat' dir='ltr'>put</span> <span class='ocrx_word' id='word_1_104' title='bbox 1651 1161 1746 1190; x_wconf 82' lang='lat' dir='ltr'>down</span> <span class='ocrx_word' id='word_1_105' title='bbox 1760 1161 1844 1192; x_wconf 84' lang='lat' dir='ltr'>Jack</span> <span class='ocrx_word' id='word_1_106' title='bbox 1859 1162 1952 1193; x_wconf 79' lang='lat' dir='ltr'>Strae</span> <span class='ocrx_word' id='word_1_107' title='bbox 1966 1164 2030 1193; x_wconf 80' lang='lat' dir='ltr'>and</span> <span class='ocrx_word' id='word_1_108' title='bbox 2045 1165 2137 1195; x_wconf 82' lang='lat' dir='ltr'>other</span> 
     </span>
    </p>
   </div>
   <div class='ocr_carea' id='block_1_6' title="bbox 198 1213 2137 1314">
    <p class='ocr_par' dir='ltr' id='par_1_7' title="bbox 198 1213 2137 1314">
     <span class='ocr_line' id='line_1_11' title="bbox 198 1213 312 1243; baseline 0.009 -1"><span class='ocrx_word' id='word_1_109' title='bbox 198 1213 312 1243; x_wconf 81' lang='lat' dir='ltr'><strong>rebels.</strong></span> 
     </span>
     <span class='ocr_line' id='line_1_12' title="bbox 247 1269 2137 1314; baseline 0.004 -15"><span class='ocrx_word' id='word_1_110' title='bbox 247 1269 390 1299; x_wconf 83' lang='lat' dir='ltr'>Thomas</span> <span class='ocrx_word' id='word_1_111' title='bbox 407 1271 446 1300; x_wconf 90' lang='lat' dir='ltr'>de</span> <span class='ocrx_word' id='word_1_112' title='bbox 462 1270 688 1308; x_wconf 83' lang='lat' dir='ltr'>Birmingham</span> <span class='ocrx_word' id='word_1_113' title='bbox 703 1280 770 1300; x_wconf 87' lang='lat' dir='ltr'>was</span> <span class='ocrx_word' id='word_1_114' title='bbox 785 1280 803 1300; x_wconf 89' lang='lat' dir='ltr'>a</span> <span class='ocrx_word' id='word_1_115' title='bbox 819 1271 1040 1301; x_wconf 83' lang='lat' dir='ltr'>considerable</span> <span class='ocrx_word' id='word_1_116' title='bbox 1054 1280 1171 1309; x_wconf 88' lang='lat' dir='ltr'>person</span> <span class='ocrx_word' id='word_1_117' title='bbox 1193 1271 1226 1300; x_wconf 91' lang='lat' dir='ltr'>in</span> <span class='ocrx_word' id='word_1_118' title='bbox 1249 1271 1509 1310; x_wconf 78' lang='lat' dir='ltr'>Warwickshire,</span> <span class='ocrx_word' id='word_1_119' title='bbox 1530 1282 1548 1301; x_wconf 84' lang='lat' dir='ltr'>a</span> <span class='ocrx_word' id='word_1_120' title='bbox 1572 1272 1820 1304; x_wconf 78' lang='lat' dir='ltr'>Commissioner</span> <span class='ocrx_word' id='word_1_121' title='bbox 1840 1275 1873 1304; x_wconf 82' lang='lat' dir='ltr'>of</span> <span class='ocrx_word' id='word_1_122' title='bbox 1896 1276 2012 1314; x_wconf 72' lang='lat' dir='ltr'>Ari-ay,</span> <span class='ocrx_word' id='word_1_123' title='bbox 2033 1277 2098 1306; x_wconf 87' lang='lat' dir='ltr'>and</span> <span class='ocrx_word' id='word_1_124' title='bbox 2119 1286 2137 1306; x_wconf 85' lang='lat' dir='ltr'>a</span> 
     </span>
    </p>
   </div>
   <div class='ocr_carea' id='block_1_7' title="bbox 201 1325 1341 1365">
    <p class='ocr_par' dir='ltr' id='par_1_8' title="bbox 201 1325 1341 1365">
     <span class='ocr_line' id='line_1_13' title="bbox 201 1325 1341 1365; baseline 0.002 -10"><span class='ocrx_word' id='word_1_125' title='bbox 201 1325 331 1363; x_wconf 79' lang='lat' dir='ltr'>Knight</span> <span class='ocrx_word' id='word_1_126' title='bbox 346 1326 380 1356; x_wconf 81' lang='lat' dir='ltr'>of</span> <span class='ocrx_word' id='word_1_127' title='bbox 401 1326 457 1356; x_wconf 83' lang='lat' dir='ltr'>the</span> <span class='ocrx_word' id='word_1_128' title='bbox 473 1326 573 1356; x_wconf 79' lang='lat' dir='ltr'>Shire.</span> <span class='ocrx_word' id='word_1_129' title='bbox 615 1326 778 1365; x_wconf 84' lang='lat' dir='ltr'>Salwerpe</span> <span class='ocrx_word' id='word_1_130' title='bbox 794 1327 820 1356; x_wconf 88' lang='lat' dir='ltr'>is</span> <span class='ocrx_word' id='word_1_131' title='bbox 836 1326 1001 1365; x_wconf 84' lang='lat' dir='ltr'>Salwarpe</span> <span class='ocrx_word' id='word_1_132' title='bbox 1016 1327 1050 1356; x_wconf 89' lang='lat' dir='ltr'>in</span> <span class='ocrx_word' id='word_1_133' title='bbox 1065 1327 1341 1358; x_wconf 80' lang='lat' dir='ltr'>Worcestershire.</span> 
     </span>
    </p>
   </div>
   <div class='ocr_carea' id='block_1_8' title="bbox 1044 1594 1294 1638">
    <p class='ocr_par' dir='ltr' id='par_1_9' title="bbox 1044 1594 1294 1638">
     <span class='ocr_line' id='line_1_14' title="bbox 1044 1594 1294 1638; baseline 0 -1"><span class='ocrx_word' id='word_1_134' title='bbox 1044 1594 1294 1638; x_wconf 83' lang='lat' dir='ltr'><strong>MXLVH.</strong></span> 
     </span>
    </p>
   </div>
   <div class='ocr_carea' id='block_1_9' title="bbox 184 1700 2144 1840">
    <p class='ocr_par' dir='ltr' id='par_1_10' title="bbox 184 1700 2144 1840">
     <span class='ocr_line' id='line_1_15' title="bbox 184 1700 2144 1758; baseline 0.002 -14"><span class='ocrx_word' id='word_1_135' title='bbox 184 1700 705 1746; x_wconf 79' lang='lat' dir='ltr'><strong>APPROPRIATION</strong></span> <span class='ocrx_word' id='word_1_136' title='bbox 774 1702 862 1746; x_wconf 90' lang='lat' dir='ltr'>BY</span> <span class='ocrx_word' id='word_1_137' title='bbox 920 1702 1118 1755; x_wconf 82' lang='lat' dir='ltr'>ADAM,</span> <span class='ocrx_word' id='word_1_138' title='bbox 1179 1702 1410 1745; x_wconf 84' lang='lat' dir='ltr'><strong>BISHOP</strong></span> <span class='ocrx_word' id='word_1_139' title='bbox 1471 1703 1549 1745; x_wconf 98' lang='lat' dir='ltr'>OF</span> <span class='ocrx_word' id='word_1_140' title='bbox 1608 1703 1690 1746; x_wconf 76' lang='lat' dir='ltr'>ST.</span> <span class='ocrx_word' id='word_1_141' title='bbox 1752 1704 2018 1758; x_wconf 79' lang='lat' dir='ltr'>DAVID’S,</span> <span class='ocrx_word' id='word_1_142' title='bbox 2065 1705 2144 1748; x_wconf 92' lang='lat' dir='ltr'>OF</span> 
     </span>
     <span class='ocr_line' id='line_1_16' title="bbox 330 1793 2144 1840; baseline 0.003 -5"><span class='ocrx_word' id='word_1_143' title='bbox 330 1793 463 1836; x_wconf 81' lang='lat' dir='ltr'>THE</span> <span class='ocrx_word' id='word_1_144' title='bbox 504 1793 743 1838; x_wconf 84' lang='lat' dir='ltr'>PARISH</span> <span class='ocrx_word' id='word_1_145' title='bbox 785 1793 1055 1838; x_wconf 79' lang='lat' dir='ltr'>OHUROH</span> <span class='ocrx_word' id='word_1_146' title='bbox 1096 1794 1174 1837; x_wconf 93' lang='lat' dir='ltr'>OF</span> <span class='ocrx_word' id='word_1_147' title='bbox 1214 1793 1688 1837; x_wconf 77' lang='lat' dir='ltr'>OYSTERMOUTH</span> <span class='ocrx_word' id='word_1_148' title='bbox 1721 1794 1797 1837; x_wconf 87' lang='grc' dir='ltr'>ΤΟ</span> <span class='ocrx_word' id='word_1_149' title='bbox 1838 1795 2144 1840; x_wconf 78' lang='lat' dir='ltr'><strong>SWANSEY</strong></span> 
     </span>
    </p>
   </div>
   <div class='ocr_carea' id='block_1_10' title="bbox 329 1884 1592 2034">
    <p class='ocr_par' dir='ltr' id='par_1_11' title="bbox 329 1884 1592 2034">
     <span class='ocr_line' id='line_1_17' title="bbox 329 1884 657 1929; baseline 0.006 -2"><span class='ocrx_word' id='word_1_150' title='bbox 329 1884 657 1929; x_wconf 78' lang='lat' dir='ltr'><strong>HOSPITAL.</strong></span> 
     </span>
     <span class='ocr_line' id='line_1_18' title="bbox 735 1975 1592 2034; baseline -0.002 -14"><span class='ocrx_word' id='word_1_151' title='bbox 735 1977 912 2034; x_wconf 79' lang='lat' dir='ltr'>[HARL.</span> <span class='ocrx_word' id='word_1_152' title='bbox 945 1976 1040 2020; x_wconf 87' lang='lat' dir='ltr'>Ms.</span> <span class='ocrx_word' id='word_1_153' title='bbox 1075 1977 1200 2028; x_wconf 86' lang='lat'>1249,</span> <span class='ocrx_word' id='word_1_154' title='bbox 1232 1976 1263 2018; x_wconf 73' lang='lat' dir='ltr'>f.</span> <span class='ocrx_word' id='word_1_155' title='bbox 1297 1977 1365 2027; x_wconf 82' lang='lat'>81,</span> <span class='ocrx_word' id='word_1_156' title='bbox 1397 1992 1438 2032; x_wconf 81' lang='lat' dir='ltr'>p.</span> <span class='ocrx_word' id='word_1_157' title='bbox 1472 1975 1592 2033; x_wconf 87' lang='lat'>161.]</span> 
     </span>
    </p>
   </div>
   <div class='ocr_carea' id='block_1_11' title="bbox 1430 2084 2079 2142">
    <p class='ocr_par' dir='ltr' id='par_1_12' title="bbox 1430 2084 2079 2142">
     <span class='ocr_line' id='line_1_19' title="bbox 1430 2084 2079 2142; baseline 0.005 -16"><span class='ocrx_word' id='word_1_158' title='bbox 1430 2085 1481 2126; x_wconf 93' lang='grc'>11</span> <span class='ocrx_word' id='word_1_159' title='bbox 1517 2084 1702 2127; x_wconf 77' lang='lat' dir='ltr'>MARCH.</span> <span class='ocrx_word' id='word_1_160' title='bbox 1766 2086 1877 2127; x_wconf 84' lang='lat'>1379</span> <span class='ocrx_word' id='word_1_161' title='bbox 1913 2086 2079 2142; x_wconf 82' lang='lat'>(1380).</span> 
     </span>
    </p>
   </div>
   <div class='ocr_carea' id='block_1_12' title="bbox 174 2192 2139 2889">
    <p class='ocr_par' dir='ltr' id='par_1_13' title="bbox 180 2192 2139 2340">
     <span class='ocr_line' id='line_1_20' title="bbox 240 2192 2139 2251; baseline -0.001 -14"><span class='ocrx_word' id='word_1_162' title='bbox 240 2195 383 2238; x_wconf 75' lang='lat' dir='ltr'>ADAM</span> <span class='ocrx_word' id='word_1_163' title='bbox 413 2194 688 2251; x_wconf 81' lang='lat' dir='ltr'>permissione</span> <span class='ocrx_word' id='word_1_164' title='bbox 718 2194 882 2237; x_wconf 84' lang='lat' dir='ltr'>Divina</span> <span class='ocrx_word' id='word_1_165' title='bbox 912 2193 1209 2236; x_wconf 72' lang='lat' dir='ltr'>MENEVENSIS</span> <span class='ocrx_word' id='word_1_166' title='bbox 1240 2192 1458 2248; x_wconf 89' lang='lat' dir='ltr'>episcopus</span> <span class='ocrx_word' id='word_1_167' title='bbox 1488 2195 1531 2234; x_wconf 83' lang='lat' dir='ltr'>et</span> <span class='ocrx_word' id='word_1_168' title='bbox 1560 2192 1754 2248; x_wconf 82' lang='lat' dir='ltr'>ejusdem</span> <span class='ocrx_word' id='word_1_169' title='bbox 1793 2193 1875 2235; x_wconf 88' lang='lat' dir='ltr'>loci</span> <span class='ocrx_word' id='word_1_170' title='bbox 1904 2193 2139 2249; x_wconf 86' lang='lat' dir='ltr'>capitulum</span> 
     </span>
     <span class='ocr_line' id='line_1_21' title="bbox 180 2283 2067 2340; baseline -0.002 -10"><span class='ocrx_word' id='word_1_171' title='bbox 180 2286 390 2330; x_wconf 85' lang='lat' dir='ltr'>universis</span> <span class='ocrx_word' id='word_1_172' title='bbox 411 2285 600 2329; x_wconf 78' lang='lat' dir='ltr'><strong>CHRISTI</strong></span> <span class='ocrx_word' id='word_1_173' title='bbox 621 2285 818 2328; x_wconf 90' lang='lat' dir='ltr'>fidelibus</span> <span class='ocrx_word' id='word_1_174' title='bbox 839 2285 1020 2327; x_wconf 90' lang='lat' dir='ltr'>salutem</span> <span class='ocrx_word' id='word_1_175' title='bbox 1040 2286 1084 2326; x_wconf 90' lang='lat' dir='ltr'>et</span> <span class='ocrx_word' id='word_1_176' title='bbox 1103 2286 1352 2340; x_wconf 85' lang='lat' dir='ltr'>perpetuam</span> <span class='ocrx_word' id='word_1_177' title='bbox 1371 2283 1434 2325; x_wconf 92' lang='lat' dir='ltr'>rei</span> <span class='ocrx_word' id='word_1_178' title='bbox 1453 2286 1586 2339; x_wconf 80' lang='lat' dir='ltr'>gestae</span> <span class='ocrx_word' id='word_1_179' title='bbox 1608 2283 1855 2326; x_wconf 79' lang='lat' dir='ltr'>memoriam</span> <span class='ocrx_word' id='word_1_180' title='bbox 1873 2285 2067 2327; x_wconf 85' lang='lat' dir='ltr'>retinere.</span> 
     </span>
    </p>

    <p class='ocr_par' dir='ltr' id='par_1_14' title="bbox 174 2373 2134 2889">
     <span class='ocr_line' id='line_1_22' title="bbox 238 2373 2134 2426; baseline -0.002 -5"><span class='ocrx_word' id='word_1_181' title='bbox 238 2378 354 2426; x_wconf 78' lang='lat' dir='ltr'>Quia</span> <span class='ocrx_word' id='word_1_182' title='bbox 384 2377 508 2420; x_wconf 75' lang='lat' dir='ltr'>bonae</span> <span class='ocrx_word' id='word_1_183' title='bbox 540 2377 844 2420; x_wconf 83' lang='lat' dir='ltr'>recordationis</span> <span class='ocrx_word' id='word_1_184' title='bbox 876 2375 1092 2419; x_wconf 83' lang='lat' dir='ltr'>memoriae</span> <span class='ocrx_word' id='word_1_185' title='bbox 1125 2375 1324 2417; x_wconf 82' lang='lat' dir='ltr'>dominus</span> <span class='ocrx_word' id='word_1_186' title='bbox 1358 2373 1598 2416; x_wconf 68' lang='lat' dir='ltr'>HEchus</span> <span class='ocrx_word' id='word_1_187' title='bbox 1630 2376 1682 2416; x_wconf 91' lang='lat' dir='ltr'>de</span> <span class='ocrx_word' id='word_1_188' title='bbox 1719 2374 1941 2417; x_wconf 71' lang='lat' dir='ltr'><strong>GOWEMA</strong></span> <span class='ocrx_word' id='word_1_189' title='bbox 1970 2376 2134 2418; x_wconf 88' lang='lat' dir='ltr'>dudum</span> 
     </span>
     <span class='ocr_line' id='line_1_23' title="bbox 179 2464 2134 2525; baseline -0.001 -13"><span class='ocrx_word' id='word_1_190' title='bbox 179 2469 479 2512; x_wconf 67' lang='lat' dir='ltr'>MENEVENsm</span> <span class='ocrx_word' id='word_1_191' title='bbox 500 2469 720 2525; x_wconf 89' lang='lat' dir='ltr'>episcopus</span> <span class='ocrx_word' id='word_1_192' title='bbox 744 2468 906 2511; x_wconf 86' lang='lat' dir='ltr'>sincera</span> <span class='ocrx_word' id='word_1_193' title='bbox 934 2467 1157 2510; x_wconf 86' lang='lat' dir='ltr'>devotione</span> <span class='ocrx_word' id='word_1_194' title='bbox 1187 2469 1229 2508; x_wconf 90' lang='lat' dir='ltr'>et</span> <span class='ocrx_word' id='word_1_195' title='bbox 1259 2465 1445 2508; x_wconf 85' lang='lat' dir='ltr'>multum</span> <span class='ocrx_word' id='word_1_196' title='bbox 1465 2464 1672 2507; x_wconf 82' lang='lat' dir='ltr'>laudabili</span> <span class='ocrx_word' id='word_1_197' title='bbox 1692 2465 1900 2522; x_wconf 84' lang='lat' dir='ltr'>hospitale</span> <span class='ocrx_word' id='word_1_198' title='bbox 1920 2467 2134 2522; x_wconf 86' lang='lat' dir='ltr'>quoddam</span> 
     </span>
     <span class='ocr_line' id='line_1_24' title="bbox 177 2555 2133 2603; baseline -0.002 0"><span class='ocrx_word' id='word_1_199' title='bbox 177 2560 224 2603; x_wconf 88' lang='lat' dir='ltr'>in</span> <span class='ocrx_word' id='word_1_200' title='bbox 263 2560 368 2603; x_wconf 82' lang='lat' dir='ltr'>villa</span> <span class='ocrx_word' id='word_1_201' title='bbox 408 2561 460 2602; x_wconf 90' lang='lat' dir='ltr'>de</span> <span class='ocrx_word' id='word_1_202' title='bbox 502 2559 783 2602; x_wconf 81' lang='lat' dir='ltr'><strong>SWEYNESEY</strong></span> <span class='ocrx_word' id='word_1_203' title='bbox 822 2559 947 2601; x_wconf 84' lang='lat' dir='ltr'>dictae</span> <span class='ocrx_word' id='word_1_204' title='bbox 987 2557 1287 2600; x_wconf 82' lang='lat' dir='ltr'>MENEVENSIS</span> <span class='ocrx_word' id='word_1_205' title='bbox 1337 2556 1546 2598; x_wconf 81' lang='lat' dir='ltr'>dioceseos</span> <span class='ocrx_word' id='word_1_206' title='bbox 1584 2555 1812 2598; x_wconf 87' lang='lat' dir='ltr'>honorifice</span> <span class='ocrx_word' id='word_1_207' title='bbox 1850 2556 2051 2599; x_wconf 76' lang='lat' dir='ltr'>fundavit</span> <span class='ocrx_word' id='word_1_208' title='bbox 2084 2572 2133 2600; x_wconf 86' lang='lat' dir='ltr'>ac</span> 
     </span>
     <span class='ocr_line' id='line_1_25' title="bbox 178 2646 2133 2707; baseline -0.002 -12"><span class='ocrx_word' id='word_1_209' title='bbox 178 2655 351 2694; x_wconf 76' lang='lat' dir='ltr'>eae‘oeros</span> <span class='ocrx_word' id='word_1_210' title='bbox 379 2651 573 2694; x_wconf 81' lang='lat' dir='ltr'>redditus</span> <span class='ocrx_word' id='word_1_211' title='bbox 603 2650 845 2707; x_wconf 85' lang='lat' dir='ltr'>spirituales</span> <span class='ocrx_word' id='word_1_212' title='bbox 875 2653 916 2692; x_wconf 92' lang='lat' dir='ltr'>et</span> <span class='ocrx_word' id='word_1_213' title='bbox 946 2648 1200 2705; x_wconf 87' lang='lat' dir='ltr'>temporales</span> <span class='ocrx_word' id='word_1_214' title='bbox 1229 2648 1284 2690; x_wconf 92' lang='lat' dir='ltr'>ad</span> <span class='ocrx_word' id='word_1_215' title='bbox 1314 2647 1667 2689; x_wconf 76' lang='lat' dir='ltr'>sustentationem</span> <span class='ocrx_word' id='word_1_216' title='bbox 1697 2646 1920 2703; x_wconf 85' lang='lat' dir='ltr'>cujusdam</span> <span class='ocrx_word' id='word_1_217' title='bbox 1950 2647 2133 2691; x_wconf 89' lang='lat' dir='ltr'>custodis</span> 
     </span>
     <span class='ocr_line' id='line_1_26' title="bbox 176 2736 2131 2799; baseline -0.003 -13"><span class='ocrx_word' id='word_1_218' title='bbox 176 2743 494 2799; x_wconf 84' lang='lat' dir='ltr'>capellanorum</span> <span class='ocrx_word' id='word_1_219' title='bbox 513 2756 749 2798; x_wconf 83' lang='lat' dir='ltr'>pauperum</span> <span class='ocrx_word' id='word_1_220' title='bbox 769 2744 812 2784; x_wconf 84' lang='lat' dir='ltr'>et</span> <span class='ocrx_word' id='word_1_221' title='bbox 833 2740 1041 2783; x_wconf 82' lang='lat' dir='ltr'>debilium</span> <span class='ocrx_word' id='word_1_222' title='bbox 1061 2738 1312 2795; x_wconf 87' lang='lat' dir='ltr'>degentium</span> <span class='ocrx_word' id='word_1_223' title='bbox 1338 2737 1385 2779; x_wconf 91' lang='lat' dir='ltr'>in</span> <span class='ocrx_word' id='word_1_224' title='bbox 1415 2738 1564 2780; x_wconf 91' lang='lat' dir='ltr'>eodem</span> <span class='ocrx_word' id='word_1_225' title='bbox 1592 2736 1673 2780; x_wconf 89' lang='lat' dir='ltr'>rite</span> <span class='ocrx_word' id='word_1_226' title='bbox 1702 2741 1745 2780; x_wconf 81' lang='lat' dir='ltr'>et</span> <span class='ocrx_word' id='word_1_227' title='bbox 1773 2736 1953 2780; x_wconf 79' lang='lat' dir='ltr'>feliciter</span> <span class='ocrx_word' id='word_1_228' title='bbox 1981 2738 2131 2794; x_wconf 87' lang='lat' dir='ltr'>adqui-</span> 
     </span>
     <span class='ocr_line' id='line_1_27' title="bbox 174 2827 2129 2889; baseline -0.003 -13"><span class='ocrx_word' id='word_1_229' title='bbox 174 2833 276 2876; x_wconf 86' lang='lat' dir='ltr'>sivit</span> <span class='ocrx_word' id='word_1_230' title='bbox 334 2833 410 2889; x_wconf 88' lang='lat' dir='ltr'>qui</span> <span class='ocrx_word' id='word_1_231' title='bbox 460 2833 648 2876; x_wconf 90' lang='lat' dir='ltr'>multum</span> <span class='ocrx_word' id='word_1_232' title='bbox 697 2835 793 2888; x_wconf 86' lang='lat' dir='ltr'>post</span> <span class='ocrx_word' id='word_1_233' title='bbox 841 2831 1143 2874; x_wconf 74' lang='lat' dir='ltr'>fundationem</span> <span class='ocrx_word' id='word_1_234' title='bbox 1191 2828 1295 2871; x_wconf 83' lang='lat' dir='ltr'>dicti</span> <span class='ocrx_word' id='word_1_235' title='bbox 1343 2827 1564 2883; x_wconf 78' lang='lat' dir='ltr'>hospitalis</span> <span class='ocrx_word' id='word_1_236' title='bbox 1611 2827 1875 2883; x_wconf 69' lang='lat' dir='ltr'>pfimaevaml</span> <span class='ocrx_word' id='word_1_237' title='bbox 1925 2828 2129 2872; x_wconf 84' lang='lat' dir='ltr'>varietate</span> 
     </span>
    </p>
   </div>
   <div class='ocr_carea' id='block_1_13' title="bbox 175 2917 2129 2980">
    <p class='ocr_par' dir='ltr' id='par_1_15' title="bbox 175 2917 2129 2980">
     <span class='ocr_line' id='line_1_28' title="bbox 175 2917 2129 2980; baseline -0.003 -13"><span class='ocrx_word' id='word_1_238' title='bbox 175 2926 416 2980; x_wconf 83' lang='lat' dir='ltr'>temporum</span> <span class='ocrx_word' id='word_1_239' title='bbox 436 2926 719 2966; x_wconf 85' lang='lat' dir='ltr'>attenuantur</span> <span class='ocrx_word' id='word_1_240' title='bbox 738 2925 782 2966; x_wconf 90' lang='lat' dir='ltr'>et</span> <span class='ocrx_word' id='word_1_241' title='bbox 802 2923 858 2965; x_wconf 91' lang='lat' dir='ltr'>ad</span> <span class='ocrx_word' id='word_1_242' title='bbox 877 2921 1111 2965; x_wconf 85' lang='lat' dir='ltr'>necessaria</span> <span class='ocrx_word' id='word_1_243' title='bbox 1131 2919 1381 2976; x_wconf 86' lang='lat' dir='ltr'>degentium</span> <span class='ocrx_word' id='word_1_244' title='bbox 1410 2918 1457 2960; x_wconf 88' lang='lat' dir='ltr'>in</span> <span class='ocrx_word' id='word_1_245' title='bbox 1486 2918 1634 2961; x_wconf 90' lang='lat' dir='ltr'>eodem</span> <span class='ocrx_word' id='word_1_246' title='bbox 1663 2917 1745 2960; x_wconf 88' lang='lat' dir='ltr'>hiis</span> <span class='ocrx_word' id='word_1_247' title='bbox 1774 2917 1923 2961; x_wconf 89' lang='lat' dir='ltr'>diebus</span> <span class='ocrx_word' id='word_1_248' title='bbox 1952 2918 2129 2962; x_wconf 84' lang='lat' dir='ltr'>minime</span> 
     </span>
    </p>
   </div>
   <div class='ocr_carea' id='block_1_14' title="bbox 174 3014 674 3058">
    <p class='ocr_par' dir='ltr' id='par_1_16' title="bbox 174 3014 674 3058">
     <span class='ocr_line' id='line_1_29' title="bbox 174 3014 674 3058; baseline -0.004 -1"><span class='ocrx_word' id='word_1_249' title='bbox 174 3015 362 3058; x_wconf 87' lang='lat' dir='ltr'>sufficere</span> <span class='ocrx_word' id='word_1_250' title='bbox 382 3014 674 3057; x_wconf 86' lang='lat' dir='ltr'>dinoscuntur.</span> 
     </span>
    </p>
   </div>
  </div>
 </body>
</html>
