2386 3645
325 268 438 309 1544

320 473 437 517 Data
466 474 534 517 die
566 474 689 517 Jovis
718 474 910 530 proximo
941 476 1041 516 ante
1071 473 1230 516 festum
1260 472 1406 516 Sancti
1435 473 1466 517 J
1468 488 1669 516 OHANNIS
1699 474 1923 516 BAPTISTE
1954 490 2067 518 anno
2087 474 2212 532 regni

266 564 400 622 Regis
420 565 628 608 HENRICI
649 565 757 608 sexti
778 568 873 621 post
893 567 1172 620 conquestum
1194 567 1352 606 octavo.

320 655 442 698 Deed
463 656 563 710 poll.
616 655 726 708 SeaL
748 657 824 698 red
844 671 952 698 wax·
1001 655 1075 697 An
1096 655 1274 697 unicorn
1294 655 1434 710 sejant
1450 656 1724 711 reguardant.
1776 655 1908 698 From
1924 671 1980 698 an
1996 657 2211 712 engraved

263 747 534 804 finger-ring.

320 838 615 880 Endorsed-—‘
635 837 763 880 Carta
781 837 1048 880 feoffamenti
1069 837 1099 879 J
1101 836 1282 879 ohannis
1302 836 1539 894 Stradlyng
1558 837 1708 880 militis
1729 838 1782 880 de
1804 836 2001 880 omnibus
2021 837 2144 880 terris
2162 837 2209 881 in

259 927 423 972 Wallia
444 927 666 972 Willelmo
687 928 925 984 Stradlyng
945 930 988 970 et
1008 927 1131 970 aliis.'

1105 1310 1366 1354 MCXLVI.

258 1419 473 1463 GRANT
533 1420 620 1463 BY
676 1419 955 1464 HOWELL
1008 1419 1091 1462 ΑΡ
1151 1418 1409 1462 THOMAS
1469 1419 1552 1462 ΑΡ
1613 1419 1894 1463 HOWELL
1953 1418 2209 1463 BUTTON

397 1511 474 1554 ΤΟ
536 1511 814 1555 HOWELL
888 1510 1100 1553 CARNE
1172 1510 1251 1553 OF
1324 1509 1455 1553 THE
1532 1510 1878 1553 PURPARTY
1938 1509 2016 1553 OF
2076 1509 2207 1553 THE

397 1602 426 1645 J
432 1602 636 1645 OELLE
677 1602 885 1646 LANDS
927 1602 999 1645 IN
1039 1600 1226 1644 NASH.

1067 1709 1248 1768 [CARNE
1279 1709 1399 1766 MS]

1405 1818 1430 1859 7
1463 1817 1565 1860 Ocr.
1630 1818 1682 1859 10
1714 1816 1840 1859 Hm,
1874 1815 1956 1860 VI.
2022 1817 2146 1859 1431.

311 1924 458 1968 Sciant
477 1928 692 1981 presentes
712 1928 754 1968 et
773 1926 911 1969 futuri
934 1927 1048 1982 quod
1068 1940 1145 1968 nos
1166 1925 1374 1968 Howssm,
1395 1940 1449 1981 ap
1471 1924 1661 1967 TnoMAs
1691 1939 1745 1980 ap
1777 1923 1984 1966 HOWELL
2018 1923 2204 1965 BUTTON

252 2018 295 2058 et
315 2015 609 2059 WENLLIANA
629 2031 736 2058 uxor
756 2031 851 2059 mea
872 2017 1067 2059 dedimus
1096 2016 1375 2058 concessimus
1406 2020 1447 2058 et
1477 2016 1557 2058 hac
1586 2016 1773 2071 presenti
1804 2018 1918 2058 carta
1939 2018 2082 2058 nostra
2104 2030 2201 2058 con-

252 2107 515 2149 firmavimus
535 2106 742 2149 Howmo
763 2106 920 2149 CARNE
941 2107 1167 2150 heredibus
1188 2107 1274 2149 suis
1294 2111 1337 2149 et
1357 2106 1583 2163 assignatis
1599 2110 1735 2149 totam
1755 2108 2002 2162 purpartem
2017 2109 2207 2148 nostram

253 2198 446 2241 omnium
466 2201 676 2241 terrarum
698 2207 740 2241 et
760 2202 1103 2241 tenementorum
1124 2214 1219 2254 quae
1239 2213 1376 2254 nuper
1406 2198 1582 2240 fuerunt
1612 2197 1641 2241 J
1644 2212 1843 2240 oHANle
1873 2197 1903 2241 J
1906 2211 2048 2240 UOLLE
2079 2199 2206 2252 prout

252 2289 423 2331 divisim
443 2289 587 2345 jacent
607 2305 682 2345 per
702 2289 900 2345 antiquas
920 2293 1055 2331 metas
1075 2292 1118 2332 et
1138 2289 1304 2332 bundas
1325 2290 1440 2345 apud
1469 2289 1509 2332 le
1539 2288 1724 2331 NAssmz
1745 2288 1791 2330 in
1821 2288 2011 2331 dominio
2042 2287 2206 2330 domini

252 2380 435 2436 episcopi
465 2381 518 2422 de
553 2379 789 2423 LANDAFF.
867 2379 1134 2423 Habendum
1173 2384 1216 2423 et
1250 2381 1485 2423 tenendum
1517 2382 1653 2422 totam
1686 2379 1920 2435 predictam
1956 2381 2205 2435 purpartem

252 2475 442 2514 nostram
463 2471 655 2514 omnium
674 2474 886 2514 terrarum
901 2474 945 2514 et
959 2475 1300 2514 tenementorum
1315 2471 1601 2527 predictorum
1617 2471 1806 2526 predicto
1825 2469 2028 2512 HowELo
2046 2469 2205 2512 CARNE

253 2561 479 2605 heredibus
499 2562 586 2605 suis
606 2565 649 2605 et
671 2562 898 2619 assignatis
918 2563 970 2604 de
991 2562 1164 2618 capitali
1183 2561 1356 2604 domino
1385 2561 1502 2604 feodi
1522 2561 1638 2603 illius
1658 2576 1733 2617 per
1752 2560 1944 2603 redditus
1967 2563 2009 2603 et
2030 2559 2207 2603 servicia

251 2653 352 2696 inde
382 2653 527 2696 debita
557 2656 600 2695 et
629 2654 682 2696 de
721 2653 817 2709 jure
848 2656 1047 2696 consueta
1085 2653 1182 2709 jure
1212 2653 1467 2695 hereditario
1497 2652 1825 2709 imperpetuum.
1907 2651 1969 2693 Et
1998 2666 2075 2694 nos
2106 2665 2205 2694 vero

252 2744 432 2800 predicti
453 2743 660 2786 Howm,
682 2759 736 2799 ap
758 2743 948 2786 THOMAS
968 2747 1010 2786 et
1030 2743 1323 2787 WENLLIANA
1344 2758 1451 2786 uxor
1471 2757 1566 2785 mea
1585 2745 1722 2785 totam
1742 2744 1989 2798 purpartem
2010 2744 2204 2784 nostram

255 2836 490 2892 predictam
520 2836 712 2878 omnium
753 2838 963 2878 terrarum
1002 2839 1046 2879 et
1074 2838 1416 2879 tenementorum
1445 2834 1733 2890 predictorum
1764 2849 1860 2876 cum
1891 2833 2088 2876 omnibus
2119 2833 2206 2876 suis

253 2927 522 2983 pertinentiis
543 2927 732 2983 predicto
753 2927 959 2969 Howmo
979 2926 1204 2969 heredibus
1224 2930 1267 2968 et
1288 2926 1514 2982 assignatis
1545 2925 1630 2968 suis
1661 2927 1807 2968 contra
1837 2939 1981 2967 omnes
2011 2923 2206 2967 homines

253 3018 567 3073 imperpetuum
597 3017 967 3060 warantizabimus
997 3021 1040 3060 et
1069 3018 1359 3060 defendemus.
1449 3016 1505 3059 In
1537 3016 1661 3073 cujus
1690 3015 1751 3058 rei
1782 3015 2074 3058 testimonium
2103 3015 2203 3058 huic
