2386 3645
1934 275 2045 317 1395

156 477 318 521 GAMPO
340 478 483 521 comiti
503 477 747 522 WAnme
768 480 952 520 castrum
972 478 1025 519 de
1045 477 1323 520 SWEYNESEY
1344 482 1386 520 et
1406 481 1562 521 terram
1583 480 1635 521 de
1658 479 1829 522 Gowm
1849 495 1944 524 cum
1973 482 2102 537 perti-

159 570 317 612 nentiis
336 570 382 611 in
405 568 598 612 WALLIA
622 583 704 624 que
724 568 879 610 clamat
900 582 987 610 esse
1007 567 1078 623 jus
1097 571 1140 610 et
1160 568 1440 611 hereditatem
1460 584 1581 611 suam
1601 573 1643 612 et
1663 574 1806 612 tenere
1827 572 1878 613 de
1910 571 2030 614 nobis
2054 572 2100 614 in

165 661 313 716 capite.
375 660 436 702 Et
455 660 570 702 unde
591 658 783 715 queritur
803 659 916 715 quod
936 659 1150 714 predictus
1169 659 1199 702 J
1202 673 1411 702 OHANNES
1432 660 1470 702 ei
1490 659 1646 715 injuste
1667 661 1882 703 deforciat.
1944 661 2004 704 Et
2023 662 2104 704 nisi

163 751 307 794 fecerit
340 755 382 793 et
414 750 627 806 predictus
660 764 795 792 comes
827 749 975 792 fecerit
1006 753 1050 792 te
1083 764 1274 792 securum
1307 750 1359 792 de
1394 751 1545 793 clamio
1573 765 1647 794 suo
1679 752 1968 807 prosequendo
2002 755 2105 795 tunc

159 845 483 885 summoneatur
503 856 578 897 per
597 840 732 884 bonos
765 840 1089 883 summonitores
1124 842 1238 897 quod
1271 841 1325 884 sit
1360 856 1500 884 coram
1530 841 1777 898 justiciariis
1808 842 1962 885 nostris
1993 844 2106 899 apud

162 932 625 976 WESTMONASTERIUM
665 932 711 973 in
751 931 933 974 crastino
972 931 1119 974 Sancti
1158 931 1189 975 J
1191 946 1391 974 OHANNIS
1432 932 1655 975 BApnsTE
1695 936 1937 976 ostensurus
1977 949 2105 989 quare

163 1037 254 1066 non
288 1022 436 1065 fecerit
468 1026 510 1065 et
535 1021 690 1065 habeas
721 1021 783 1065 ibi
819 1022 1196 1066 summonicionem
1229 1026 1271 1066 et
1305 1023 1384 1067 1100
1414 1023 1554 1066 breve.
1617 1023 1743 1066 Teste
1774 1038 1843 1066 me
1873 1024 1965 1080 ipso
1997 1025 2112 1080 apud

168 1113 633 1157 WESTMONASTERIUM
672 1113 810 1169 primo
850 1113 920 1156 die
958 1113 1067 1156 Maii
1111 1129 1224 1157 anno
1264 1114 1387 1171 regni
1421 1115 1556 1158 nostri
1595 1114 1779 1157 Anam-E
1815 1117 1964 1157 xxv1‘0·
1990 1115 2114 1172 regni

171 1219 271 1248 vero
292 1204 500 1246 Famem
521 1211 639 1247 an0·
697 1205 738 1259 (1
763 1204 884 1259 May,
910 1205 1052 1260 1352.)
1117 1204 1511 1248 Indorsiamentum
1531 1205 1724 1262 ejusdem
1753 1205 1893 1249 brevis
1926 1206 2116 1262 sequitur

168 1295 216 1338 in
235 1295 312 1338 hec
332 1295 472 1338 verba.
525 1294 794 1351 Responsum
811 1294 979 1338 ΤΗΟΜΕ
1000 1296 1054 1339 de
1069 1295 1236 1339 ASTON'
1253 1297 1521 1340 vicecomitis.
1573 1296 1715 1353 Plegii
1731 1298 1783 1339 de
1798 1298 2088 1353 prosequendo
2106 1332 2114 1340 .

171 1386 458 1431 WILLELMUS
479 1387 531 1428 de
547 1385 767 1429 YARPOLE
780 1389 824 1429 et
839 1385 869 1430 J
871 1400 1082 1429 OHANNES
1098 1387 1137 1430 le
1154 1386 1327 1430 SMYTH’
1346 1421 1354 1429 .
1374 1388 1699 1431 summonitores
1715 1388 1855 1431 Huco
1872 1388 2091 1431 HERGAST
2107 1421 2116 1431 .

170 1477 202 1521 J
204 1492 415 1520 OHANNEs
436 1491 490 1533 ap
511 1477 636 1521 Rmzs
656 1493 710 1533 ap
732 1477 859 1520 IvoR.

232 1569 496 1612 EDWARDUS
526 1568 611 1611 Dei
631 1569 785 1625 gratia,
806 1572 900 1621 etc.,
922 1569 1159 1612 vicecomiti
1191 1569 1420 1612 HERFORD
1453 1604 1461 1612 .
1495 1570 1688 1613 salutem.
1750 1569 2013 1626 Precipimus
2042 1570 2123 1613 tibi

172 1661 287 1716 quod
317 1660 407 1703 sine
436 1659 642 1702 dilatione
669 1659 823 1703 habere
855 1659 987 1703 facias
1017 1660 1045 1702 J
1049 1675 1226 1703 oHANNI
1260 1662 1313 1703 de
1348 1660 1578 1703 MOUBRAY
1614 1662 1666 1704 de
1699 1661 1950 1704 AXIHOLME
1986 1661 2124 1704 visum

173 1752 226 1794 de
255 1754 390 1794 castro
418 1751 470 1793 de
507 1750 785 1793 SWEYNESEY
814 1754 857 1793 et
888 1754 1000 1793 terra
1025 1752 1077 1794 de
1104 1750 1278 1794 GOWER
1310 1766 1406 1794 cum
1441 1752 1710 1808 pertinentiis
1740 1752 1786 1794 in
1817 1752 2014 1796 WALLIA
2043 1767 2124 1808 que

175 1841 365 1885 THOMAS
398 1842 451 1884 de
483 1841 637 1884 BELLo
671 1840 828 1884 OAMPO
861 1857 998 1885 comes
1024 1841 1266 1886 WARWICK
1294 1843 1340 1885 in
1371 1843 1488 1886 curia
1515 1846 1659 1886 nostra
1699 1858 1839 1886 coram
1880 1843 2125 1899 justiciariis

175 1934 330 1977 nostris
361 1934 476 1989 apud.
497 1932 961 1977 WESTMONASTERIUM
991 1934 1147 1976 elamat
1174 1938 1223 1977 ut
1251 1934 1322 1990 jus
1346 1949 1471 1977 suum
1501 1949 1647 1977 versus
1668 1950 1766 1977 eum
1787 1938 1829 1977 et
1850 1935 1917 1977 dic
1946 1938 2129 1990 quatuor

179 2115 642 2160 WESTMONASTERIUM
664 2130 690 2157 a
710 2115 778 2158 die
810 2114 970 2157 Pasche
990 2115 1036 2157 in
1056 2130 1193 2158 unum
1216 2131 1405 2158 mensem
1425 2117 1480 2158 ad
1501 2116 1815 2159 testificandum
1835 2117 1973 2159 visum
2002 2117 2126 2159 illum

178 2209 222 2249 et
256 2205 411 2249 habeas
446 2205 506 2248 ibi
540 2206 715 2248 nomina
746 2206 936 2249 militum
971 2209 1014 2249 et
1048 2206 1127 2249 hoc
1161 2206 1300 2250 breve.
1363 2206 1488 2250 Teste
1519 2207 1562 2251 J.
1597 2206 1802 2249 STONORE
1832 2208 1947 2263 apud
1977 2207 2125 2251 WEST-

179 2311 502 2339 MONASTERIUM
538 2305 624 2339 11J0·
652 2297 721 2339 die
761 2297 1008 2341 Decembris
1058 2312 1170 2340 anno
1209 2299 1332 2354 regni
1371 2298 1506 2341 nostri
1545 2298 1730 2341 ANGLIE
1770 2298 1967 2341 vicesimo
2007 2303 2125 2341 sexto

180 2388 305 2443 regni
338 2403 438 2430 vero
469 2388 602 2431 nostri
638 2388 872 2431 FERANCIE
905 2389 1211 2431 terciodecimo.
1277 2390 1320 2440 (3
1352 2389 1455 2432 Dec.
1491 2390 1634 2445 1352.)
1698 2389 1859 2432 Rotulo
1890 2404 2125 2435 ccxxxnm.

178 2477 571 2521 Indorsiamentum
603 2479 796 2534 ejusdem
830 2479 969 2522 brevis
1005 2480 1195 2535 sequitur
1229 2481 1274 2522 in
1309 2480 1386 2523 hec
1422 2480 1561 2523 verba.
1623 2480 1892 2536 Responsum
1928 2480 2123 2522 RmARm

181 2569 233 2611 de
261 2569 456 2612 BRUGGE
477 2569 746 2620 vicecomitis,
769 2573 844 2612 etc.
907 2569 937 2612 J
939 2585 1149 2613 OHANNES
1171 2571 1222 2613 de
1244 2570 1472 2613 MOUBRAY
1494 2571 1546 2613 de
1567 2571 1818 2613 Axmomn:
1839 2570 1966 2613 habet
1987 2571 2124 2613 visum

183 2660 236 2702 de
264 2662 399 2702 castro
428 2660 480 2702 de
508 2658 787 2701 SWEYNESEY
818 2666 859 2702 et
888 2666 999 2703 terra
1034 2661 1087 2703 de
1124 2660 1296 2703 GOWER
1331 2676 1427 2703 cum
1459 2661 1729 2717 pertinentiis
1767 2661 1813 2703 in
1847 2660 2042 2704 WALLIA
2083 2664 2126 2703 et

184 2749 474 2792 interfuerunt
513 2749 623 2792 visui
663 2750 728 2792 illi
766 2750 962 2793 faciendo
1002 2751 1198 2794 videlicet
1238 2751 1478 2794 JOHANNES
1519 2752 1571 2794 de
1607 2751 1810 2793 HEUYNE
1853 2785 1861 2793 .
1904 2750 2044 2793 Hmo
2078 2751 2131 2794 de

186 2839 406 2883 LUNTLEY
444 2873 452 2881 .
488 2839 730 2882 JOHANNES
763 2840 1066 2884 WILDEGOOSE
1102 2846 1144 2883 et
1176 2840 1461 2884 WILLELMUS
1494 2841 1681 2884 STURMY
1713 2844 1756 2883 et
1786 2841 1947 2883 dictum
1978 2844 2040 2883 est
2070 2841 2130 2883 eis

189 2931 302 2986 quod
335 2930 421 2972 sint
456 2944 595 2972 coram
629 2929 747 2972 vobis
779 2931 833 2972 ad
868 2931 982 2973 diem
1016 2931 1062 2973 in
1096 2931 1213 2974 brevi
1248 2934 1495 2974 contentum
1524 2931 1756 2974 secundum
1791 2934 1980 2973 tenorem
2009 2931 2132 2974 istius

192 3019 330 3063 brevis
349 3023 477 3076 prout
495 3020 541 3062 in
561 3019 681 3062 brevi
700 3014 943 3076 precipitur.
