2386 3645
1975 275 2083 316 1383

199 465 405 510 RmAnno
445 467 673 510 Rumina
723 483 799 524 per
847 469 1069 511 servicium
1120 473 1270 525 quarte
1319 472 1451 527 partis
1501 473 1626 516 unius
1676 475 1791 518 feodi
1840 479 2000 522 militis.
2065 455 2141 524 'Et

197 556 345 600 dicunt
379 559 494 614 quod
528 558 718 614 predicta
749 558 779 601 J
781 573 970 600 oHANNA
1003 574 1090 602 non
1110 561 1248 602 tenuit
1271 561 1355 603 alia
1374 565 1507 605 terras
1527 578 1603 606 nec
1623 568 1866 609 tenementa
1886 570 1938 611 de
1968 571 2138 614 domino

198 647 319 704 Rege
351 648 396 690 in
433 649 569 705 capite
603 663 680 691 nec
713 650 766 691 de
806 650 900 691 aliis
936 650 1120 693 dominis
1153 651 1199 693 in
1235 652 1438 695 comitatu
1477 654 1677 708 predicto.
1740 656 1801 699 Et
1840 658 1985 702 dicunt
2027 663 2140 716 quod

196 739 420 781 servicium
451 740 630 782 manerii
661 739 794 782 nichil
823 740 936 782 valet
971 755 1046 796 per
1077 756 1240 784 annum
1273 742 1385 785 ultra
1416 744 1606 799 reprisas.
1668 745 1729 787 Et
1758 747 1907 790 dicunt
1937 752 2049 804 quod
2079 756 2141 794 est

195 830 355 873 ibidem
375 845 461 873 una
482 834 676 873 carucata
695 834 806 873 terre
825 831 871 873 in
892 832 1103 875 dominico
1124 848 1205 888 que
1233 833 1348 876 valet
1368 849 1443 890 per
1463 850 1626 879 annum
1646 851 1739 880 xxc.
1770 840 1812 880 et
1832 839 1889 881 sic
1911 840 2141 885 dimittitur

196 922 251 964 ad
271 922 438 964 firmam
458 922 704 964 solvendam
724 923 779 964 ad
808 922 968 965 festum
998 923 1363 967 Annunciacionis
1392 925 1514 969 beate
1539 927 1699 970 MAROE
1728 929 1907 985 virginis
1926 935 1967 972 et
1997 931 2143 975 Sancti

195 1012 454 1055 MicHAEms
486 1013 605 1068 equis
638 1013 917 1069 porcionibus.
979 1013 1040 1056 Et
1065 1016 1179 1070 quod
1204 1019 1266 1058 est
1294 994 1452 1059 ibidem
1479 1018 1671 1061 redditus
1704 1020 1829 1062 assise
1859 1022 2144 1078 quadraginta

196 1103 427 1145 solidorum
456 1102 685 1146 liberorum
715 1104 960 1147 tenencium
990 1106 1287 1149 solvendorum
1309 1108 1363 1150 ad
1382 1108 1492 1150 festa
1512 1109 1703 1165 predicta
1722 1111 1841 1166 equis
1861 1112 2138 1167 porcionibus.

194 1193 255 1236 Et
290 1195 404 1250 quod
425 1201 524 1237 sunt
556 1194 716 1237 ibidem
736 1209 810 1238 XX.
849 1211 944 1238 acre
963 1198 1075 1252 prati
1110 1197 1298 1253 jacentes
1330 1214 1455 1255 super
1489 1200 1730 1244 SABRINAM
1751 1208 1793 1245 et
1813 1204 1927 1246 valet
1959 1205 2146 1261 quelibet

193 1300 288 1328 acra
309 1300 378 1328 118.
401 1300 476 1342 per
495 1301 658 1328 annum
679 1290 721 1328 et
742 1287 799 1328 sic
819 1287 1099 1330 dimittuntur
1120 1289 1174 1331 ad
1194 1290 1362 1332 firmam
1382 1291 1628 1334 solvendam
1649 1294 1703 1334 ad
1719 1293 1829 1336 festa
1848 1296 2037 1350 predicta
2057 1311 2143 1339 non

192 1376 288 1432 plus
319 1377 418 1432 quia
447 1377 700 1420 multociens
730 1379 1048 1434 demerguntur.
1112 1379 1172 1422 Et
1201 1381 1351 1423 dicunt
1381 1383 1496 1437 quod
1522 1383 1679 1438 placita
1706 1387 1749 1426 et
1769 1387 2001 1441 perquisita
2031 1388 2144 1430 curie

191 1468 338 1510 valent
369 1482 444 1523 per
475 1482 638 1510 annum
669 1469 782 1511 ultra
812 1470 991 1524 reprisas
1026 1473 1122 1512 ΗΑ.
1184 1471 1245 1513 Et
1275 1472 1424 1515 dicunt
1453 1475 1567 1529 quod
1587 1475 1777 1530 predicta
1796 1475 1826 1518 J
1829 1490 2017 1519 OHANNA
2039 1477 2144 1521 obiit

191 1558 260 1600 die
300 1558 534 1601 MERcuan
575 1560 621 1601 in
660 1560 770 1602 festo
810 1560 1078 1603 EPIPHANIE
1119 1561 1298 1604 Domini
1334 1563 1487 1606 ultimo
1526 1566 1741 1620 preterito.
1822 1566 1878 1609 In
1919 1568 2037 1623 cujus
2078 1570 2141 1611 rei

189 1649 482 1692 testimonium
504 1650 602 1692 huic
621 1650 890 1706 inquisitioni
910 1652 1090 1706 predicti
1110 1652 1321 1709 juratores
1340 1654 1483 1710 sigilla
1503 1670 1578 1698 sua
1599 1662 1902 1712 apposuerunt.

249 1740 414 1783 Datum
435 1742 504 1784 die
525 1744 567 1784 et
588 1756 701 1784 anno
724 1743 987 1799 supradictis.

251 1832 298 1869 (1)
324 1832 446 1861 Robert
471 1832 665 1871 Greyndour
689 1833 839 1870 acquired
862 1833 1030 1863 Clearwell
1053 1834 1085 1863 in
1101 1835 1157 1864 the
1173 1835 1285 1865 Forest
1300 1837 1334 1866 of
1350 1836 1440 1866 Dean
1455 1838 1498 1876 by
1514 1839 1672 1876 marriage
1687 1839 1767 1868 with
1782 1839 1953 1877 Margaret,
1970 1841 2130 1878 daughter

199 1888 263 1917 and
278 1888 397 1918 heiress
421 1889 454 1917 of
469 1888 592 1926 Joyce3
615 1889 664 1918 his
680 1889 878 1918 descendant
895 1899 960 1918 was
983 1889 1113 1928 Robert,
1131 1891 1202 1920 who
1218 1891 1290 1920 died
1308 1893 1391 1921 1443.
1435 1893 1531 1923 Their
1546 1894 1758 1924 descendants
1775 1904 1855 1925 were
1871 1896 1926 1925 the
1941 1896 2127 1934 Baynhams-

200 1944 264 1972 and
280 1943 564 1974 Throckmortons.

249 1999 296 2037 (2)
321 1999 382 2029 For
398 2000 452 2030 the
468 2001 655 2039 Bawdrupp
670 2001 786 2039 family
802 2010 854 2030 see
871 2001 930 2031 No.
947 2001 1101 2032 DCXVI.

1066 2242 1265 2286 MLXX.

185 2347 486 2390 GHARTER
517 2347 595 2390 OF
625 2347 883 2391 THOMAS
911 2348 992 2391 LE
1024 2350 1403 2403 DESPENSER,
1425 2351 1594 2395 LORD
1626 2353 1705 2397 OF
1737 2353 2132 2398 GLAMORGAN

330 2438 464 2480 AND
486 2438 768 2491 MORGAN,
791 2439 1038 2482 TAKING
1058 2441 1337 2484 MARGAM
1356 2442 1572 2486 ABBEY
1588 2443 1814 2487 UNDER
1830 2445 2132 2488 ESPEOIAL

330 2528 723 2571 PROTEOTION
756 2530 879 2573 FOR
911 2530 1037 2573 ONE
1068 2531 1259 2574 YEAR.

901 2637 1131 2694 [MARGAM
1163 2639 1420 2697 CHARTER.]

1329 2730 1384 2771 20
1416 2729 1537 2772 MAY.
1602 2732 1654 2772 19
1687 2731 1784 2774 RIC.
1817 2731 1881 2773 Π.
1946 2734 2069 2774 1396.

240 2833 430 2876 Tuoms
460 2834 499 2876 le
530 2833 802 2875 DESPENCER
832 2834 1030 2878 dominus
1062 2835 1418 2878 GLAMORGANCIE
1459 2841 1502 2879 et
1541 2837 1815 2880 MoRGANCOE
1847 2840 2055 2882 universis
2086 2844 2127 2882 et

182 2924 364 2980 singulis
394 2923 709 2966 vicecomitibus
739 2924 973 2980 majoribus
1002 2925 1170 2969 ballivis
1200 2927 1404 2969 ministris
1443 2930 1485 2970 et
1515 2928 1608 2970 aliis
1648 2928 1844 2971 fidelibus
1874 2936 1915 2971 et
1946 2929 2126 2972 subditis

180 3014 334 3056 nostris
354 3014 399 3055 in
421 3012 619 3056 WALLIA
639 3014 694 3055 ad
715 3028 819 3068 quos
839 3019 1053 3070 presentes
1072 3016 1192 3058 litere
1215 3018 1484 3072 pervenerint
1505 3018 1700 3060 salutem.
