2386 3645
2009 294 2119 335 1613

236 490 474 534 forisfactos
494 492 784 535 forisfacturas
804 496 847 534 et
873 494 1187 548 redempciones
1207 495 1260 536 de
1280 495 1522 538 tenentibus
1547 500 1590 539 et
1618 498 1898 541 residentibus
1928 500 2177 554 supradictis

238 581 306 623 vel
326 582 599 637 quovismodo
620 582 966 638 delinquentibus
986 583 1031 624 in
1053 583 1166 625 dicta
1187 584 1300 626 curia
1330 600 1405 626 sua
1435 586 1797 642 qualitercumque
1825 588 1937 630 facta
1964 589 2176 631 forisfacta

238 685 312 713 seu
332 672 598 728 emergencia
619 675 661 714 et
682 673 833 714 catalla
855 672 1046 714 felonum
1069 676 1111 715 et
1126 673 1409 729 fugitivorum
1430 691 1594 718 necnon
1611 677 1874 720 omnimodas
1888 679 2175 721 forisfacturas

237 764 279 803 et
301 766 482 804 escaetas
513 764 705 805 omnium
735 766 944 805 terrarum
972 768 1312 806 tenementorum
1348 764 1557 808 bonorum
1591 770 1632 808 et
1668 768 1913 810 catallorum
1949 771 2176 812 eorundem

237 853 479 894 tenencium
520 853 623 895 dicti
663 852 828 895 abbatis
868 856 910 896 et
943 868 1225 896 successorum
1258 870 1428 898 suorum
1465 860 1507 898 et
1542 857 1721 900 aliorum
1753 860 2031 901 residencium
2065 860 2179 902 infra

237 958 368 999 aquas
408 943 669 999 supradictas
724 943 916 985 felonum
971 944 1255 1000 fugitivorum
1318 961 1390 987 seu
1441 947 1804 1003 qualitercumque
1854 949 2179 1004 dampnatorum

238 1049 421 1076 unacum
460 1033 593 1076 libera
629 1034 807 1089 piscaria
840 1035 885 1076 in
926 1035 1050 1076 dictis
1089 1036 1209 1090 aquis
1245 1040 1453 1091 quantum
1493 1040 1604 1079 terra
1645 1053 1719 1079 sua
1759 1040 1811 1080 de
1852 1038 2102 1081 OGGEMORE
2139 1056 2180 1082 se

240 1125 431 1167 extendit
464 1159 471 1167 .
505 1124 566 1166 Et
587 1125 846 1167 voluerimus
867 1126 978 1180 quod
1000 1125 1106 1168 bene
1135 1127 1261 1169 liceat
1291 1128 1448 1170 eisdem
1481 1143 1595 1170 nunc
1630 1128 1773 1171 abbati
1805 1134 1847 1171 et
1879 1130 2105 1172 conventui
2139 1136 2180 1172 et

237 1214 540 1258 successoribus
562 1216 646 1257 suis
666 1231 741 1271 per
760 1215 975 1258 ministros
996 1232 1091 1259 suos
1112 1232 1154 1259 se
1174 1218 1218 1259 in
1241 1218 1439 1260 seisinam
1460 1220 1689 1261 eorundem
1709 1235 1863 1275 ponere
1884 1224 1925 1262 et
1946 1236 1994 1262 ea
2014 1221 2183 1276 pacifice

237 1305 392 1348 habere
423 1308 465 1347 et
494 1306 705 1361 possidere
738 1305 896 1362 absque
927 1307 1070 1362 aliqua
1102 1309 1394 1363 prosecucione
1430 1309 1551 1351 nobis
1586 1325 1659 1351 seu
1691 1310 1895 1352 ministris
1925 1311 2078 1353 nostris
2109 1327 2183 1367 pro

239 1396 397 1439 eisdem
418 1396 658 1452 aliqualiter
679 1396 876 1439 facienda
896 1397 995 1439 licet
1029 1399 1177 1440 eadem
1211 1401 1344 1441 terras
1379 1402 1624 1441 tenementa
1659 1401 1937 1455 possessiones
1967 1401 2077 1443 bona
2112 1417 2185 1444 seu

239 1486 392 1528 catalla
413 1487 529 1542 prius
549 1486 594 1528 in
615 1502 769 1529 manus
790 1492 952 1530 nostras
974 1503 1046 1530 seu
1066 1488 1269 1530 heredum
1285 1493 1525 1532 nostrorum
1546 1490 1685 1532 seisita
1700 1490 1862 1533 fuerint
1895 1525 1902 1533 .
1936 1492 1996 1534 Et
2016 1492 2186 1547 insuper

241 1577 432 1619 volentes
455 1577 612 1619 eisdem
634 1577 781 1620 abbati
810 1582 852 1620 et
882 1579 1109 1621 conventui
1142 1587 1183 1621 et
1219 1580 1520 1622 successoribus
1556 1581 1641 1622 suis
1676 1582 1728 1622 de
1761 1582 1956 1624 omnibus
1987 1583 2108 1624 terris
2144 1588 2185 1624 et

239 1642 567 1723 possessioni‘bus
589 1668 674 1710 suis
706 1669 974 1711 securitatem
1004 1669 1141 1711 facere
1171 1670 1374 1712 tuciorem
1405 1671 1647 1713 omnimodo
1678 1676 1813 1714 cartas
1833 1672 1976 1714 literas
1995 1676 2187 1727 patentes

241 1758 396 1813 scripta
416 1758 684 1800 munimenta
704 1763 746 1801 et
767 1759 1003 1802 evidencias
1019 1762 1071 1801 de
1088 1760 1283 1802 omnibus
1302 1761 1424 1803 terris
1437 1762 1691 1803 tenementis
1705 1764 1748 1803 et
1762 1762 2090 1817 possessionibus
2103 1764 2188 1805 suis

236 1852 326 1892 tam
348 1865 422 1905 per
441 1864 518 1891 nos
538 1852 581 1891 et
599 1850 890 1905 progenitores
910 1854 1073 1893 nostras
1094 1866 1221 1906 quam
1242 1867 1317 1907 per
1337 1852 1440 1894 alios
1461 1867 1744 1907 quoscumque
1763 1856 1862 1895 ante
1892 1853 1968 1895 hec
1998 1857 2187 1908 tempora

241 1940 354 1982 facta
372 1940 714 1982 innovaverimus
735 1956 782 1983 ac
803 1956 852 1982 ea
872 1944 915 1983 et
935 1942 1077 1983 omnia
1098 1947 1139 1983 et
1170 1942 1338 1997 singula
1357 1943 1403 1984 in
1425 1943 1484 1984 eis
1512 1947 1709 1985 contenta
1730 1943 1884 1986 eisdem
1907 1959 2020 1986 nunc
2041 1944 2184 1986 abbati

241 2034 284 2072 et
316 2031 543 2072 conventui
573 2034 615 2072 et
642 2031 945 2073 successoribus
974 2032 1060 2074 suis
1086 2047 1163 2088 pro
1191 2033 1312 2075 nobis
1335 2037 1376 2074 et
1397 2032 1622 2075 heredibus
1642 2034 1797 2075 nostris
1817 2034 2188 2089 approbaverimus

241 2121 589 2163 ratificaverimus
619 2128 662 2163 et
693 2122 1079 2165 confirmaverimus
1109 2123 1207 2165 licet
1240 2124 1292 2165 de
1322 2123 1404 2166 hiis
1433 2124 1479 2165 in
1509 2124 1774 2179 presentibus
1804 2140 1997 2181 expressa
2026 2126 2188 2167 mencio

241 2211 355 2253 facta
375 2226 462 2253 non
482 2211 613 2253 fuerit
645 2245 653 2254 .
687 2211 892 2255 Volentes
912 2214 1026 2268 quod
1046 2213 1081 2255 si
1102 2215 1215 2268 quod
1235 2213 1316 2255 hiis
1337 2215 1448 2256 dono
1465 2217 1507 2256 et
1527 2215 1788 2257 concessione
1809 2216 1962 2258 nostris
1981 2215 2027 2257 in
2047 2216 2187 2271 aliquo

241 2302 457 2357 prevaleat
487 2301 616 2344 abbas
645 2301 805 2344 ibidem
825 2317 901 2358 pro
922 2307 1111 2359 tempore
1133 2304 1315 2346 existens
1340 2304 1539 2347 effectum
1564 2320 1709 2347 eorum
1734 2309 1775 2347 et
1797 2305 2023 2362 cujuslibet
2044 2321 2188 2348 eorum

242 2393 398 2435 habeat
427 2397 470 2435 et
501 2408 549 2435 eo
579 2395 765 2448 gaudeat
787 2398 829 2436 et
850 2399 997 2436 utatur
1017 2395 1099 2437 hiis
1129 2396 1240 2437 dono
1268 2396 1589 2438 confirmacione
1619 2403 1660 2438 et
1690 2397 1952 2439 concessione
1972 2397 2124 2438 nostris
2143 2397 2189 2438 in

241 2484 385 2539 aliquo
414 2498 501 2525 non
533 2483 727 2526 obstante
759 2518 766 2526 .
800 2484 862 2526 Et
891 2485 1070 2527 ulterius
1101 2486 1423 2528 concesserimus
1453 2501 1528 2541 pro
1559 2486 1679 2528 nobis
1710 2490 1752 2528 et
1780 2486 2004 2529 heredibus
2033 2487 2186 2529 nostris

243 2574 442 2630 predictis
462 2573 606 2616 abbati
627 2577 670 2616 et
690 2576 918 2617 conventui
948 2578 990 2617 et
1021 2576 1321 2618 successoribus
1351 2577 1436 2618 suis
1465 2577 1665 2631 predictis
1695 2578 1807 2632 quod
1838 2592 1914 2618 nec
1943 2578 2031 2632 ipse
2058 2577 2185 2619 abbas

243 2679 320 2706 nec
341 2678 591 2706 successores
607 2664 673 2706 sui
688 2665 740 2706 de
756 2664 968 2720 aliquibus
984 2665 1251 2708 libertatibus
1266 2666 1514 2708 franchesiis
1530 2667 1779 2721 quietanciis
1795 2667 1917 2708 terris
1937 2667 2189 2709 tenementis

244 2754 574 2810 possessionibus
615 2756 737 2797 sectis
777 2760 819 2797 et
859 2756 1093 2812 privilegiis
1133 2756 1289 2798 eisdem
1321 2757 1465 2799 abbati
1496 2762 1537 2798 et
1568 2758 1794 2799 conventui
1838 2760 2038 2812 perantea
2079 2758 2188 2799 datis

245 2846 407 2888 collatis
428 2861 502 2887 seu
521 2860 595 2900 per
623 2860 692 2887 eos
721 2846 878 2888 habitis
910 2852 952 2889 et
987 2847 1154 2889 usitatis
1180 2848 1342 2889 ratione
1371 2848 1626 2903 accepcionis
1661 2848 1866 2903 presentis
1901 2851 2012 2889 carte
2048 2851 2187 2890 nostre

244 2936 485 2992 aliqualiter
514 2935 795 2978 excludantur
826 2936 892 2978 vel
933 2937 1207 2992 quovismodo
1238 2938 1558 2993 prejudicentur
1588 2939 1863 2980 molestentur
1892 2938 2183 2993 inquietentur

247 3042 322 3070 seu
351 3029 595 3082 graventur.
