2386 3645
1930 268 2040 310 1543

1013 662 1247 708 MCXLV.

154 789 370 834 GRANT
431 789 519 832 BY
568 788 670 832 SIR
711 788 740 832 J
743 787 881 831 OHN
921 786 1317 839 STRADLYNG,
1368 787 1637 839 KNIGHT,
1684 787 1760 831 ΤΟ
1809 788 2102 832 WILLIAM

300 880 558 924 THOMAS
594 880 729 923 AND
776 879 1024 922 OTHERs
1065 878 1144 921 OF
1186 878 1408 931 LANDS,
1440 877 1586 931 ETG„
1623 878 1695 921 IN
1738 879 1869 921 THE
1914 879 2103 922 LORD-

298 972 477 1015 SHIPS
525 971 604 1015 OF
647 970 1059 1023 GLAMORGAN,
1106 969 1450 1013 OGGEMORE
1493 969 1628 1013 AND
1677 969 1956 1013 OOITYFF.

1015 1078 1090 1135 [Gr.
1116 1078 1167 1121 G.
1191 1077 1267 1134 E]

1275 1187 1331 1228 22
1362 1186 1502 1229 JUNE.
1563 1187 1589 1228 8
1621 1185 1745 1228 HEN.
1778 1185 1861 1229 VI.
1927 1186 2048 1228 1430.

215 1295 362 1338 Sciant
382 1298 595 1352 presentes
616 1299 658 1338 et
678 1294 817 1337 futuri
837 1295 950 1350 quod
972 1309 1051 1350 ego
1072 1294 1101 1337 J
1104 1309 1314 1336 OHANNES
1344 1294 1615 1337 STRADLYNG
1646 1294 1768 1336 miles
1799 1294 1898 1336 dedi
1927 1293 2109 1336 concessi

156 1391 200 1431 et
215 1388 294 1430 hac
306 1387 491 1443 presenti
506 1390 621 1429 carta
637 1401 732 1429 mea
747 1386 993 1428 confirmavi
1011 1385 1270 1429 WILLELMO
1292 1385 1564 1428 STRADLYNG
1585 1385 1796 1441 armigero
1819 1419 1827 1427 .
1851 1384 2110 1428 WILLELMO

157 1478 348 1522 TfloMAs
374 1512 383 1521 .
408 1478 437 1522 J
440 1492 617 1520 OHANNI
639 1477 804 1520 BEVYN
830 1511 837 1519 .
863 1477 1095 1519 GILBERTO
1118 1475 1318 1518 CANTILO
1344 1510 1351 1518 .
1376 1479 1417 1519 et
1438 1476 1468 1518 J
1470 1490 1648 1518 OHANNI
1669 1475 1861 1518 THOMAS
1886 1475 2116 1531 capellanis

158 1570 301 1613 omnia
320 1572 454 1611 terras
476 1570 720 1610 tenementa
740 1570 864 1624 prata
883 1566 1028 1610 boscos
1049 1566 1295 1609 molendina
1316 1581 1471 1622 pascua
1491 1568 1611 1608 vasta
1639 1565 1832 1607 redditus
1863 1570 1905 1607 et
1937 1564 2113 1606 servicia

159 1661 351 1704 omnium
371 1662 715 1702 tenementorum
735 1673 927 1701 meorum
942 1661 1031 1700 tam
1045 1657 1274 1700 liberorum
1291 1672 1420 1713 quam
1436 1657 1679 1699 nativorum
1699 1670 1795 1698 oum
1811 1654 2007 1698 omnibus
2029 1655 2114 1697 sujs

156 1752 430 1809 pertinenciis
447 1785 455 1793 .
475 1766 556 1807 que
572 1750 707 1793 habeo
727 1750 842 1792 infra
863 1750 1053 1792 dominia
1073 1750 1125 1791 de
1148 1748 1435 1791 GLAMORGAN
1454 1747 1706 1790 OGGEMORE
1728 1749 1769 1789 et
1787 1746 1982 1788 Oomcmv
1999 1761 2047 1788 ac
2066 1746 2113 1788 in

158 1843 369 1888 WALLIA.
451 1842 718 1884 Habendum
763 1844 806 1884 et
847 1842 1082 1884 tenendum
1122 1840 1265 1883 omnia
1304 1839 1493 1895 predicta
1533 1842 1666 1880 terras
1706 1840 1951 1880 tenementa
1991 1839 2114 1893 prata

157 1934 302 1978 boscos
320 1934 566 1976 molendina
587 1948 742 1989 pascua
764 1936 884 1975 vasta
903 1932 1095 1974 redditus
1126 1934 1168 1973 et
1201 1931 1375 1973 servicia
1404 1945 1501 1972 cum
1531 1929 1616 1972 suis
1646 1928 1917 1985 pertinenciis
1947 1928 2113 1983 prefato

158 2025 418 2070 WILLELMO
463 2023 735 2066 STRADLYNG
782 2023 992 2080 armigero
1039 2056 1046 2064 .
1092 2022 1351 2065 WILLELMO
1397 2020 1588 2063 THOMAS
1622 2053 1630 2061 .
1667 2020 1696 2063 J
1699 2034 1878 2062 OHANNI
1911 2019 2076 2061 BEVYN
2100 2052 2108 2061 .

161 2117 393 2161 Gummmo
436 2114 636 2157 CANTILO
673 2148 682 2157 .
717 2119 758 2158 et
791 2114 820 2157 J
823 2129 1001 2157 OHANNI
1031 2113 1222 2156 THOMAS
1257 2146 1265 2155 .
1304 2112 1531 2168 capellanis
1562 2111 1787 2154 heredibus
1816 2114 1859 2153 et
1887 2110 2112 2167 assignatis

158 2209 244 2252 suis
292 2208 608 2264 imperpetuum
652 2239 660 2248 .
704 2207 756 2248 de
797 2205 1049 2262 capitalibus
1093 2204 1276 2246 dominis
1316 2203 1538 2246 feodorum
1576 2202 1749 2245 illorum
1800 2217 1874 2257 per
1917 2201 2109 2244 redditus

159 2303 203 2342 et
234 2299 408 2342 servicia
442 2298 543 2340 inde
582 2297 701 2353 prius
741 2296 884 2339 debita
925 2299 968 2338 et
1007 2298 1217 2338 consueta.
1298 2294 1359 2336 Et
1394 2309 1473 2350 ego
1513 2307 1612 2335 vero
1651 2293 1842 2349 prefatus
1871 2291 1900 2335 J
1903 2305 2113 2334 OHANNES

159 2390 431 2434 STRADLYNG
476 2388 598 2430 miles
646 2387 790 2430 omnia
837 2386 1005 2443 prefata
1054 2389 1187 2428 terras
1230 2388 1476 2426 tenementa
1517 2385 1639 2439 prata
1680 2383 1824 2425 boscos
1864 2382 2111 2424 molendina

157 2496 313 2537 pascua
352 2482 472 2522 vasta
516 2479 708 2521 redditus
748 2482 791 2520 et
840 2478 1015 2520 servicia
1065 2491 1161 2519 cum
1200 2476 1285 2518 suis
1324 2474 1596 2531 pertinenciis
1637 2474 1804 2529 prefato
1846 2473 2103 2517 W1LLELMO

159 2571 430 2615 STRADLYNG
481 2570 691 2626 armigero
734 2604 742 2612 .
786 2568 1045 2613 WILLELMO
1082 2567 1271 2609 Tnoms
1314 2601 1322 2608 .
1365 2565 1575 2609 JOHANNI
1616 2564 1780 2606 BEVYN
1824 2597 1832 2605 .
1876 2563 2107 2605 GILBERTO

159 2662 379 2706 CANTILIO
412 2695 420 2704 .
455 2664 498 2704 et
528 2661 558 2704 J
560 2675 737 2703 oHANNI
774 2660 965 2703 THOMAS
998 2658 1226 2714 capellanis
1260 2655 1486 2699 heredibus
1518 2658 1560 2698 et
1589 2655 1815 2711 assignatis
1845 2654 1930 2696 suis
1961 2656 2106 2695 contra

159 2768 304 2797 omnes
353 2755 502 2809 gentes
547 2750 916 2793 warantizabimus
958 2753 1001 2792 et
1044 2750 1360 2805 imperpetuum
1402 2747 1693 2790 defendemus.
1771 2745 1827 2788 In
1882 2744 1950 2800 cuj
1956 2759 2004 2786 us
2045 2744 2105 2786 rei

159 2843 452 2887 testimonium
481 2842 580 2884 huic
610 2841 797 2897 presenti
829 2844 942 2883 carte
970 2855 1063 2882 mee
1098 2840 1289 2896 sigillum
1328 2853 1472 2880 meum
1500 2837 1688 2893 apposui.
1752 2836 1856 2878 Hiis
1884 2834 2063 2877 testibus
2095 2867 2104 2876 .

162 2935 394 2978 GILBERTO
416 2932 743 2975 TURBERVILLE
773 2965 781 2973 .
814 2931 844 2974 J
846 2945 1034 2973 OHANNE
1056 2930 1349 2972 FFLEMMYNG
1376 2928 1545 2985 juniore
1567 2961 1576 2970 .
1599 2926 1856 2971 WILLELMO
1877 2941 1931 2982 ap
1951 2925 1981 2969 J
1984 2940 2105 2967 EVAN

162 3026 325 3069 vachan
350 3059 358 3068 .
381 3025 411 3068 J
413 3038 600 3066 OHANNE
621 3023 787 3065 LEwEs
810 3056 819 3065 .
851 3026 893 3065 et
915 3022 1085 3065 THoMA
1105 3021 1304 3065 WALSSH
1325 3024 1367 3063 et
1394 3020 1500 3062 aliis.
