2386 3645
334 282 446 324 1574

361 489 583 531 dominum
613 489 664 530 de
687 487 909 530 OGEMORE
943 520 951 528 .
985 487 1221 529 Reddendo
1249 487 1349 528 inde
1375 486 1598 528 annuatim
1620 486 1700 528 sibi
1720 490 1761 529 et
1791 486 2018 529 heredibus
2043 488 2129 530 suis
2163 489 2217 530 ad

361 580 470 622 festa
491 579 637 622 Sancti
666 579 925 621 MIOHAELIS
956 582 998 621 et
1025 577 1185 620 Pasche
1213 578 1497 633 quadraginta
1528 578 1682 619 solidos
1705 592 1780 632 per
1808 578 1977 633 equales
2003 579 2220 633 porciones

361 685 437 726 pro
458 670 711 712 omnimodis
732 669 915 712 serviciis
935 668 1137 711 custumis
1157 671 1199 710 et
1219 667 1458 710 accionibus
1479 670 1604 723 prout
1624 667 1670 709 in
1693 671 1807 709 carta
1821 668 1953 723 ipsius
1969 667 2217 711 WILLELMI

360 760 566 803 LONDON'
588 760 947 817 predecessoribus
967 759 1175 801 dictorum
1196 758 1361 800 abbatis
1391 763 1432 800 et
1460 761 1691 800 conventus
1723 757 1823 799 inde
1859 758 2063 810 confecta,
2097 759 2219 815 cujus

360 852 480 906 copia
511 866 640 906 penes
670 850 892 892 consilium
923 852 1114 891 nostrum
1145 850 1322 890 ducatus
1354 848 1487 890 nostri
1515 847 1799 890 LANCAs'rmE
1825 851 2028 900 remanet,
2054 849 2220 904 plenius

361 941 602 984 continetur
624 975 632 983 .
666 940 794 983 Salva
816 954 979 995 semper
998 939 1233 981 fforestario
1254 938 1358 980 dicti
1374 937 1620 981 WILLELMJ
1640 937 1799 980 ibidem
1815 938 2015 980 existenti
2032 939 2221 981 custodia

361 1033 571 1074 dictorum
610 1045 831 1073 nemorum
872 1045 968 1071 cum
1004 1027 1176 1071 consilio
1212 1028 1376 1071 abbatis
1412 1029 1580 1070 ecclesie
1614 1029 1801 1084 predicte
1825 1061 1833 1071 .
1856 1028 1923 1070 Ac
1959 1029 2073 1071 salvo
2109 1029 2221 1072 dicto

359 1122 618 1166 WILLELMO
639 1125 681 1163 et
700 1120 943 1163 hominibus
964 1120 1050 1161 suis
1069 1122 1190 1161 tanto
1217 1118 1340 1161 bosco
1368 1121 1578 1174 quantum
1597 1119 1679 1174 ipsi
1699 1119 1898 1174 indigent
1918 1120 1973 1161 ad
2001 1135 2099 1161 usus
2125 1134 2221 1162 suos

361 1213 551 1268 proprios
574 1246 582 1254 .
606 1213 719 1268 quod
739 1212 911 1267 quidem
932 1210 1168 1252 dominium
1195 1211 1247 1251 de
1272 1209 1494 1251 OGEMORE
1516 1210 1619 1251 dicti
1644 1210 1823 1252 ducatus
1850 1210 1983 1252 nostri
2004 1212 2130 1252 modo
2162 1216 2226 1253 est

359 1304 554 1358 parcella,
586 1306 628 1345 et
660 1303 774 1344 dicta
803 1305 916 1343 terra
953 1302 1046 1356 (etc.
1074 1304 1123 1342 ut
1144 1315 1270 1356 supra
1293 1333 1472 1342 ......
1478 1300 1492 1355 )
1519 1300 1692 1342 servicia
1725 1301 1779 1342 ad
1803 1303 1906 1342 tunc
1926 1300 2040 1342 infra
2060 1301 2223 1344 dictum

359 1393 596 1435 dominium
632 1393 857 1434 existentia
889 1396 931 1434 et
957 1391 1137 1447 parcelle
1173 1391 1378 1446 ejusdem,
1415 1391 1466 1432 de
1502 1390 1656 1446 quibus
1689 1391 1861 1446 quidem
1892 1394 2005 1432 terra
2042 1392 2134 1446 (etc.
2172 1395 2222 1434 ut

357 1498 482 1538 supra
506 1515 752 1524 ........
758 1484 771 1536 )
817 1482 1001 1524 serviciis
1039 1482 1347 1537 predecessores
1387 1482 1673 1536 predictorum
1714 1480 1880 1523 abbatis
1915 1484 1958 1523 et
1990 1485 2222 1524 conventus

358 1574 515 1616 virtute
536 1574 638 1615 dicti
659 1573 760 1615 doni
781 1573 952 1628 pacifice
973 1572 1148 1628 possessi
1179 1574 1221 1613 et
1253 1572 1384 1613 seisiti
1412 1571 1588 1614 fuerunt
1614 1572 1660 1613 in
1697 1571 1907 1614 dominico
1943 1587 2016 1614 suo
2054 1572 2100 1613 in
2127 1573 2225 1628 jure

361 1665 529 1707 ecclesie
551 1680 624 1706 sue
644 1665 844 1721 predicte,
868 1666 915 1705 ut
935 1664 981 1705 in
1002 1663 1139 1715 feodo,
1161 1678 1295 1718 usque
1329 1664 1384 1704 ad
1415 1677 1577 1704 annum
1610 1662 1884 1705 undecimum
1913 1663 2091 1705 illustris
2126 1679 2221 1719 pro-

358 1756 563 1812 genitoris
593 1756 726 1796 nostri
758 1754 983 1796 EDWARDI
1015 1753 1134 1796 tercii
1166 1768 1302 1809 nuper
1335 1753 1468 1808 Regis
1500 1753 1698 1805 ANGLIE,
1733 1756 1776 1795 et
1807 1757 1908 1795 tunc
1942 1768 2018 1808 pro
2054 1753 2224 1796 defectu

359 1846 583 1889 solucionis
623 1845 833 1887 dictorum
873 1844 1160 1900 quadraginta
1194 1844 1424 1886 solidorum
1457 1844 1558 1885 certi
1592 1843 1781 1885 officiarii
1819 1843 2012 1899 ejusdem
2047 1844 2226 1886 dominii

359 1937 472 1979 dicta
492 1940 624 1979 terras
649 1937 742 1991 (etc.
766 1940 815 1978 ut
835 1951 962 1990 supra
985 1968 1127 1977 .....
1134 1936 1147 1989 >
1173 1935 1347 1977 servicia
1367 1935 1421 1976 ad
1441 1949 1566 1976 usum
1588 1934 1749 1976 domini
1779 1935 1883 1976 dicti
1913 1935 2092 1976 dominii
2122 1937 2225 1977 tunc

361 2027 562 2083 temporis
601 2027 821 2069 existentis
854 2027 1104 2069 seisiverunt
1139 2029 1182 2068 et
1217 2041 1265 2068 ea
1301 2029 1457 2068 extunc
1492 2025 1691 2067 continue
1727 2026 1782 2067 ad
1816 2040 1942 2067 usum
1976 2026 2138 2067 domini
2174 2027 2227 2068 de

361 2118 582 2161 OGEMORE
623 2134 670 2160 ac
705 2119 935 2160 illustrium
967 2117 1289 2174 progenitorum
1323 2119 1563 2159 nostrorum
1598 2119 1641 2158 et
1673 2122 1864 2158 nostrum
1899 2120 2221 2172 occupaverunt,

365 2209 460 2256 Que
481 2209 654 2264 quidem
676 2209 1006 2264 supplicaciones
1026 2223 1122 2250 cum
1143 2208 1237 2250 aliis
1257 2207 1517 2250 notabilibus
1539 2210 1580 2249 et
1602 2207 1907 2249 sufficientibus
1933 2207 2160 2250 evidenciis
2186 2211 2227 2249 et

364 2299 723 2342 declaracionibus
770 2299 994 2354 superinde
1043 2314 1118 2354 per
1157 2299 1409 2340 mandatum
1449 2301 1642 2340 nostrum
1679 2331 1687 2339 .
1726 2296 1911 2339 Consilio
1949 2300 2091 2340 nostro
2125 2297 2228 2339 dicti

365 2391 544 2432 ducatus
578 2390 712 2432 nostri
744 2405 820 2446 pro
847 2390 943 2446 jure
977 2390 1187 2432 dictorum
1215 2389 1381 2431 abbatis
1405 2392 1448 2430 et
1482 2391 1714 2430 conventus
1743 2391 1785 2430 et
1812 2389 1980 2430 ecclesie
2015 2388 2227 2430 antedicte

366 2480 523 2522 exibite
554 2480 730 2522 fuerunt
763 2513 771 2522 .
801 2480 1013 2524 Videlicet
1046 2478 1442 2522 confirmacionibus
1475 2494 1551 2534 per
1585 2478 1896 2520 sanctissimum
1932 2478 2154 2520 dominum
2186 2482 2228 2520 et

370 2574 533 2627 patrem
582 2574 774 2613 nostrum
815 2571 978 2626 Papam
1019 2571 1361 2621 ALEXANDRUM‚
1404 2569 1570 2625 Regem
1614 2569 1643 2612 J
1646 2583 1871 2611 OHANNEM
1914 2569 2230 2625 progenitorem

368 2664 573 2713 nostrum,
610 2661 815 2703 ΤΗΟΜΑΜ
851 2663 903 2703 de
943 2660 1147 2703 LONDoN’
1190 2661 1366 2702 fratrem
1406 2660 1583 2715 predicti
1621 2659 1883 2711 WILLELM1‚
1922 2659 2145 2701 BEAUFR'l
2178 2660 2231 2702 de

370 2752 684 2794 MAUNDEVILE
713 2752 908 2795 comitem
940 2752 1249 2794 GLoucns'rRm
1281 2755 1323 2793 et
1353 2750 1527 2802 Essnx’,
1556 2751 1773 2793 dominam
1808 2749 2067 2792 ISABELLAM
2100 2751 2227 2792 comi-

369 2843 514 2885 tissam
538 2843 859 2895 GLOUCESTRIE‚
883 2844 1104 2885 dominum
1126 2842 1399 2885 GILBERTUM
1425 2843 1477 2884 de
1508 2842 1660 2884 GLARE
1692 2842 1888 2884 comitem
1921 2840 2228 2883 GLOUCESTRIE

370 2938 412 2976 et
444 2934 715 2976 HEREFORD’
752 2935 838 2990 (sic)
869 2934 1107 2976 HUGONEM
1138 2935 1190 2976 de
1211 2933 1430 2985 SPENCER,
1452 2932 1729 2974 EDWARDUM
1750 2932 1789 2973 le
1811 2930 2016 2973 SPENCER
2038 2932 2230 2974 dominos

371 3025 423 3067 de
445 3024 729 3068 GLOMORGAN
751 3028 793 3068 et
823 3025 1121 3067 MORGANNOK
1152 3041 1199 3067 ac
1233 3027 1336 3074 tunc
1367 3023 1566 3080 capitales
1601 3022 1794 3065 dominos
1826 3023 1928 3065 dicti
1964 3022 2143 3065 dominii
2177 3023 2229 3065 de
