2386 3645
243 291 355 333 1424

238 501 281 540 et
320 499 375 540 ad
409 498 550 554 legem
582 498 846 554 implendam
879 500 923 540 et
953 498 1206 549 tenendam3
1243 511 1408 540 necnon
1444 497 1735 539 executionem
1766 495 2007 538 faciendam
2035 509 2176 538 coram

235 588 543 632 constabulario
582 591 725 630 nostro
764 587 966 644 praedicto
1006 602 1102 631 cum
1134 588 1289 644 placito
1320 588 1388 631 vel
1422 587 1512 631 sine
1546 586 1702 642 placito
1735 587 1787 629 de
1823 585 2019 628 omnibus
2050 585 2176 629 rebus

231 679 380 722 villam
428 682 617 722 nostram
665 679 914 735 praedictam
947 678 1226 735 tangentibus
1264 682 1307 722 et
1347 680 1462 735 quod
1499 678 1643 721 omnia
1681 678 1766 720 alia
1804 677 2021 721 libertates
2059 677 2175 720 villae

237 775 393 814 nostrae
412 771 636 827 tangentia
666 771 752 814 sint
780 771 1009 813 terminata
1038 774 1081 814 et
1112 785 1252 814 coram
1275 770 1367 826 ipso
1394 770 1608 813 verificata
1640 773 1683 812 et
1718 770 1832 826 quod
1866 768 1956 824 ipse
1988 769 2178 812 decetero

239 863 293 906 sit
312 863 452 919 major
471 862 664 919 ejusdem
683 863 798 905 villae
819 865 987 905 nostrae.

292 955 386 999 Nos
434 970 532 998 vero
566 954 757 1010 prefatus
789 953 979 996 Tnoms
1011 954 1063 996 de
1095 952 1280 996 uberiori
1311 953 1451 1009 gratia
1482 956 1626 996 nostra
1661 952 1937 995 concessimus
1969 951 2184 1008 praedictis

232 1046 515 1103 burgensibus
534 1045 689 1088 nostris
708 1048 751 1088 et
770 1059 917 1087 eorum
937 1043 1239 1087 successoribus
1259 1044 1374 1099 quod
1393 1043 1551 1086 bundae
1574 1042 1820 1086 libertatum
1840 1057 1986 1085 eorum
2016 1042 2077 1085 eis
2106 1057 2181 1098 per

234 1142 513 1180 antecessores
532 1141 697 1178 nostros
717 1150 791 1191 per
811 1134 938 1177 verba
958 1134 1175 1191 generalia
1195 1134 1386 1189 superius
1406 1134 1666 1176 confirmatae
1686 1133 1732 1176 in
1755 1133 1925 1189 speciali
1940 1133 2182 1176 limitentur

231 1233 274 1272 et
314 1228 617 1285 specificentur.
678 1226 739 1269 Et
778 1226 884 1268 tales
924 1228 1025 1268 sunt
1064 1225 1221 1268 bundae
1260 1224 1507 1268 libertatum
1541 1240 1687 1268 eorum
1719 1225 1969 1280 incipientes
2001 1225 2079 1268 viz.
2127 1226 2182 1268 ad

228 1320 416 1363 rivulum
454 1321 650 1362 vocatum
691 1321 701 1340 ⁴
719 1317 789 1360 ST.
811 1316 1020 1360 ILLTWYT
1038 1316 1047 1334 '
1083 1317 1129 1359 in
1165 1319 1285 1372 parte
1318 1316 1515 1359 orientali
1550 1331 1684 1372 usque
1720 1317 1937 1371 quoddam
1968 1315 2176 1359 fossatum

234 1414 430 1454 vocatum
452 1414 462 1433 ‘
479 1410 599 1452 NEW
619 1409 768 1451 DlrcH
790 1408 800 1428 '
822 1411 865 1451 et
886 1409 938 1451 de
959 1407 1118 1451 ibidem
1148 1422 1281 1463 usque
1311 1407 1499 1450 rivulum
1528 1409 1726 1449 vocatum
1760 1405 1956 1449 ‘Lam
1991 1406 2153 1449 Bnoox
2169 1405 2181 1424 ’

230 1506 273 1545 et
293 1503 345 1544 de
366 1501 525 1544 ibidem
546 1515 679 1556 usque
701 1500 920 1555 quendum
940 1499 1079 1541 locum
1100 1501 1297 1541 vocatum
1319 1501 1328 1520 ‘
1346 1498 1474 1541 PANT
1496 1497 1667 1540 MAch
1682 1499 1694 1517 ’
1717 1501 1760 1541 et
1780 1498 1833 1540 de
1855 1497 2017 1540 ibidem
2050 1512 2183 1554 usque

230 1593 417 1636 rivulum
457 1598 654 1634 vocatum
695 1590 880 1633 ‘SELWE
899 1589 909 1609 '
951 1594 993 1632 et
1033 1590 1086 1632 de
1126 1589 1286 1632 ibidem
1325 1589 1538 1632 linealiter
1572 1589 1837 1632 ascendendo
1873 1604 2008 1644 usque
2046 1589 2186 1632 locum

230 1686 427 1727 vocatum
449 1687 460 1706 ‘
478 1682 646 1725 KEVEN
665 1681 833 1724 SAESON
850 1681 860 1699 '
883 1695 980 1724 cum
1010 1681 1196 1736 quadam
1225 1680 1409 1736 parcella
1441 1683 1564 1722 terrae
1597 1682 1756 1723 vocatae
1793 1683 1803 1701 ‘
1819 1679 1972 1722 SEVEN
2008 1678 2186 1722 Acnns'

231 1777 274 1817 et
295 1774 352 1817 sic
371 1775 424 1816 de
444 1773 603 1815 ibidem
624 1773 917 1815 descendendo
946 1786 1079 1828 usque
1109 1774 1268 1813 terram
1294 1774 1487 1814 vocatam
1523 1776 1533 1794 ‘
1548 1770 1715 1813 BRYNN
1751 1771 1894 1813 ADAM
1914 1771 1923 1789 ’
1954 1774 1997 1813 et
2033 1771 2187 1814 deinde

230 1880 363 1921 usque
383 1865 599 1921 quendam
618 1864 806 1919 lapidem
823 1865 1020 1906 vocatum
1041 1867 1052 1886 ‘
1069 1862 1367 1905 HORSESTONE
1382 1862 1392 1880 '
1415 1863 1531 1905 etsie
1546 1863 1796 1904 revertendo
1812 1876 1957 1904 versus
1976 1861 2188 1905 Austrum

230 1971 364 2012 usque
386 1956 600 2011 quoddam
619 1954 827 1997 fossatum
848 1953 1044 1997 dividens
1065 1957 1221 1996 terram
1241 1956 1430 1996 nostram
1451 1953 1643 1995 nativam
1665 1955 1707 1994 et
1723 1954 1940 2009 quandam
1958 1953 2188 2008 parcellam

232 2050 424 2089 vocatam
471 2045 873 2090 ‘WESTERMOORE'
924 2048 967 2088 et
1006 2046 1057 2087 de
1097 2044 1257 2087 ibidem
1297 2059 1430 2099 usque
1475 2044 1702 2099 antiquum
1752 2044 1940 2086 rivulum
1993 2046 2191 2086 vocatum

233 2141 244 2159 ‘
262 2137 452 2180 CRUDAN
475 2137 663 2179 BRooKE
678 2136 688 2155 '
712 2140 754 2179 et
775 2135 833 2178 sic
847 2150 922 2191 per
945 2136 1107 2178 dictum
1127 2135 1316 2178 rivulum
1337 2149 1470 2190 usque
1501 2135 1717 2190 quoddam
1749 2134 1962 2176 fossatum
1993 2137 2192 2177 vocatum

235 2232 245 2250 ⁴
262 2228 487 2270 COMMONE
508 2227 659 2270 DITCH
677 2225 687 2243 '
710 2229 753 2268 et
774 2226 831 2268 sic
851 2226 1145 2268 descendendo
1165 2240 1240 2281 per
1260 2224 1422 2268 dictum
1452 2224 1659 2267 fossatum
1690 2238 1823 2279 usque
1845 2224 1963 2266 aliud
1985 2224 2193 2267 fossatum

237 2322 434 2362 vocatum
466 2318 644 2360 ‘SARTH
676 2316 852 2359 Dmcn’
875 2331 1019 2359 versus
1051 2316 1312 2358 occidentem
1342 2318 1386 2358 et
1413 2315 1471 2357 sic
1506 2330 1639 2370 usque
1669 2315 1859 2357 medium
1893 2330 2038 2359 cursus
2071 2330 2194 2371 aquae

238 2412 291 2453 de
313 2410 483 2453 NEATH
503 2424 647 2452 versus
666 2409 851 2452 Boream
869 2411 912 2451 et
933 2408 990 2450 sic
1010 2423 1085 2463 per
1105 2408 1267 2450 dictum
1287 2407 1478 2449 medium
1499 2421 1643 2449 cursus
1664 2421 1786 2462 aquae
1803 2421 1937 2462 usque
1955 2407 2194 2463 predictum

242 2502 430 2545 rivulum
450 2505 647 2543 vocatum
670 2504 680 2523 ‘
695 2499 763 2543 ST.
788 2499 998 2542 ILLTWYT
1020 2499 1210 2541 BnooKss
1226 2498 1235 2516 ’
1259 2513 1403 2541 versus
1423 2498 1642 2540 orientem.

301 2591 590 2634 Concessimus
610 2591 783 2646 insuper
802 2590 1018 2647 praediotis
1038 2589 1320 2646 burgensibus
1340 2590 1495 2633 nostris
1516 2592 1559 2632 et
1579 2604 1725 2632 eorum
1746 2588 2053 2632 successoribus
2081 2590 2196 2644 quod

243 2697 388 2725 omnes
422 2686 546 2724 terrae
578 2684 621 2724 et
653 2684 897 2724 tenementa
935 2681 1050 2724 infra
1090 2682 1224 2723 dictas
1262 2681 1430 2724 bundas
1459 2680 1686 2723 existentia
1726 2680 1812 2722 sint
1851 2680 2042 2736 plenarie
2080 2680 2196 2722 infra

244 2773 485 2816 libertatem
505 2772 618 2815 villae
639 2776 796 2814 nostrae
816 2772 1032 2828 praedictae
1067 2772 1218 2826 (castro
1249 2774 1393 2814 autem
1423 2774 1565 2814 nostro
1599 2774 1642 2813 et
1674 2772 1772 2813 aula
1803 2772 1948 2813 nostra
1980 2773 2129 2813 vocata
2156 2771 2197 2814 le

245 2863 508 2907 Gourthouse
556 2863 768 2905 duntaxat
824 2863 1026 2919 exceptis)
1081 2866 1123 2905 et
1172 2862 1285 2918 quod
1335 2862 1478 2904 omnia
1527 2862 1684 2917 placita
1733 2864 1823 2904 tam
1874 2861 1927 2903 de
1976 2861 2195 2914 forestall',

246 2953 530 3006 homesoken'‚
553 2953 702 3006 utesi0‚
725 2953 918 3006 clamore,
953 2953 1162 3009 sanguine
1196 2952 1303 3005 fuso,
1336 2967 1465 3008 quam
1495 2953 1548 2995 de
1574 2951 1993 3008 transgressionibus,
2030 2951 2196 3004 debitis,

250 3044 613 3097 conventionibus,
628 3047 670 3087 et
691 3044 786 3087 aliis
807 3044 986 3087 diversis
1007 3043 1291 3087 contractibus
1312 3045 1501 3087 decetero
1515 3044 1775 3100 placitentur
1795 3046 1837 3086 et
1851 3043 2136 3086 terminentur
2154 3043 2202 3086 in
