2386 3645
305 289 416 330 1480

330 496 463 538 altera
492 498 535 538 et
565 496 802 538 extendunt
822 510 865 538 se
884 495 930 537 in
950 495 1221 551 longitudine
1241 509 1266 536 a
1285 497 1408 550 prato
1438 496 1584 537 vocato
1614 493 1900 536 BRODEMEDE
1920 507 2053 548 usque
2073 507 2184 535 com-

329 600 503 629 munem
532 589 749 642 pasturam
778 589 971 628 vocatam
1001 584 1279 627 ORENEMORE
1311 587 1354 627 et
1393 585 1474 627 due
1514 599 1607 626 acre
1652 582 1737 640 [et]
1774 582 1952 625 dimidia
1985 582 2097 638 prati
2131 583 2186 624 ad

329 677 511 719 invicem
540 677 685 733 jacent
714 691 894 732 quarum
932 677 1014 719 due
1055 691 1147 718 acre
1187 676 1233 718 in
1261 676 1402 718 clauso
1432 678 1473 718 et
1508 674 1686 718 dimidia
1716 689 1811 716 acra
1842 673 1955 729 prati
1971 688 2037 745 xex
2066 676 2186 728 parte

328 783 416 810 una
455 770 498 810 et
536 770 707 823 pratum
747 770 943 810 vocatum
983 766 1159 809 SCHORT
1199 765 1338 808 MEDE
1388 780 1524 821 nuper
1572 764 1843 807 LLEWELINI
1885 763 2093 806 GIFFARD
2133 778 2186 806 ex

327 861 447 913 parte
477 857 610 900 altera
649 860 692 900 et
731 858 970 899 extendunt
1005 871 1047 898 se
1086 856 1132 898 in
1163 855 1433 911 longitudine
1474 870 1500 897 a
1539 855 1721 911 parcella
1750 857 1920 910 pasture
1952 856 2100 896 vocata
2130 867 2185 895 LE

328 948 540 991 PAROCKE
553 963 687 1004 usque
699 952 822 1003 prata
838 947 1004 990 ΤΗΟΜΕ
1021 947 1301 989 BROVNFELD
1318 949 1360 987 et
1373 946 1402 989 J
1405 960 1604 988 OHANNIS
1617 945 1877 988 HADDELEY
1894 979 1903 987 .
1922 944 2188 987 Habendum

326 1042 370 1082 et
399 1041 631 1082 tenendum
660 1039 869 1095 predictas
899 1040 1082 1093 quatuor
1111 1052 1226 1079 acras
1256 1040 1365 1079 terre
1395 1040 1438 1079 et
1467 1039 1649 1092 quatuor
1690 1053 1805 1080 acras
1834 1038 1946 1093 prati
1976 1053 2072 1080 cum
2102 1038 2188 1080 suis

326 1130 597 1186 pertinenciis
618 1130 670 1171 de
691 1128 812 1171 nobis
832 1132 874 1170 et
896 1126 1197 1170 successoribus
1216 1127 1371 1169 nostris
1391 1127 1579 1182 predicto
1601 1127 1766 1170 ΤΗΟΜΕ
1789 1128 1940 1171 ΟοοΚΕ
1960 1128 2187 1171 heredibus

326 1223 368 1262 et
397 1220 624 1277 assignatis
654 1220 739 1261 suis
769 1219 900 1261 libere
930 1218 1071 1274 quiete
1103 1220 1145 1260 et
1180 1218 1227 1259 in
1267 1232 1369 1273 pace
1409 1218 1711 1273 inperpetuum
1755 1253 1763 1260 .
1807 1219 2043 1262 Reddendo
2085 1219 2185 1262 inde

323 1311 546 1354 annuatim
586 1310 707 1354 nobis
746 1315 787 1352 et
828 1308 1130 1352 successoribus
1169 1308 1323 1351 nostris
1362 1323 1438 1364 pro
1476 1309 1677 1364 predictis
1717 1312 1900 1364 quatuor
1935 1310 2041 1352 acris
2075 1313 2185 1353 terre

321 1406 503 1458 quatuor
523 1402 677 1444 solidos
697 1403 752 1444 ad
771 1401 930 1443 festum
952 1400 1096 1443 Sancti
1113 1399 1374 1442 MICHAELIS
1386 1414 1462 1456 pro
1479 1399 1675 1442 omnibus
1696 1400 1880 1443 serviciis
1900 1403 1942 1442 et
1963 1401 2185 1444 demandis

322 1493 577 1536 secularibus
598 1493 724 1535 salvis
743 1492 864 1535 nobis
885 1495 927 1533 et
959 1490 1261 1534 successoribus
1280 1491 1435 1533 nostris
1455 1491 1577 1533 sectis
1597 1491 1811 1533 curiarum
1841 1495 2082 1534 nostrarum
2111 1507 2186 1548 per

318 1584 618 1626 racionabilem
639 1583 1011 1625 summonitionem
1028 1584 1070 1624 et
1084 1581 1316 1624 heriettum
1328 1596 1425 1624 cum
1438 1581 1648 1624 acciderit.
1693 1582 1754 1624 Et
1766 1597 1843 1624 nos
1862 1597 1961 1624 vero
1976 1582 2188 1638 predictus

319 1675 349 1718 J
352 1689 560 1717 OHANNEs
581 1678 623 1716 et
644 1689 895 1716 successores
919 1673 1052 1715 nostri
1073 1673 1281 1729 predictas
1302 1675 1484 1728 quatuor
1511 1688 1626 1715 acras
1645 1676 1755 1715 terre
1787 1676 1830 1715 et
1860 1676 2041 1729 quatuor
2070 1689 2186 1716 acras

326 1766 438 1822 prati
460 1780 555 1807 cum
576 1765 662 1808 suis
676 1764 947 1821 pertinenciis
967 1764 1132 1820 prefato
1163 1763 1330 1837 ἸΞῌΟΜΕ
1361 1762 1585 1805 heredibus
1616 1766 1658 1804 et
1689 1763 1914 1819 assignatis
1935 1764 2019 1806 suis
2041 1766 2186 1806 contra

318 1871 464 1899 omnes
493 1859 642 1912 gentes
672 1855 1040 1898 warantizabimus
1070 1854 1407 1910 acquietabimus
1451 1857 1494 1896 et
1535 1853 1813 1896 defendemus
1843 1854 1888 1895 in
1918 1856 2184 1910 perpetuum.

317 1947 372 1990 In
404 1946 526 2003 cujus
546 1946 607 1989 rei
627 1947 920 1989 testimonium
940 1946 1039 1988 huic
1059 1946 1246 2002 presenti
1268 1946 1421 2001 scripto
1442 1948 1585 1988 nostro
1607 1945 1797 2000 sigillum
1819 1945 2006 2001 apposui.

375 2038 541 2080 Datum
570 2037 616 2078 in
647 2037 835 2079 manerio
875 2039 1018 2079 nostro
1059 2037 1112 2078 de
1151 2036 1391 2078 LLANWKE
1422 2036 1491 2078 die
1521 2035 1646 2078 Lune
1677 2035 1870 2091 proximo
1900 2038 1996 2091 post
2026 2035 2185 2078 festum

319 2128 627 2184 purificacionis
656 2127 780 2170 beate
810 2128 970 2170 Mum:
1002 2143 1114 2170 anno
1145 2127 1324 2170 Domini
1355 2126 1579 2171 millesimo
1622 2133 1771 2168 ccccm·
1803 2132 1943 2168 XVImQ
1973 2129 2016 2168 et
2043 2129 2185 2169 nostre

321 2218 643 2262 consecrationis
663 2233 775 2261 nono
796 2233 843 2261 ac
873 2219 997 2274 regni
1028 2218 1162 2274 Regis
1192 2217 1398 2259 HENRICI
1430 2217 1571 2273 quinti
1601 2219 1696 2273 post
1726 2219 2003 2272 conquestum
2034 2220 2185 2273 quarto

324 2309 372 2366 [8
394 2309 498 2352 Feb.
561 2311 588 2350 4
619 2308 744 2351 HEN.
768 2308 822 2352 V.
889 2308 1038 2365 1417]

292 2400 412 2447 Quas
432 2400 605 2456 quidem
625 2400 904 2442 tradicionem
924 2403 967 2442 et
987 2400 1297 2443 concessionem
1318 2400 1444 2441 modo
1465 2413 1549 2454 quo
1569 2398 1782 2454 prefertur
1793 2398 1928 2441 factas
1949 2398 2075 2441 utiles
2095 2398 2185 2441 fore

235 2494 482 2548 reputantes
502 2492 673 2547 penitus
694 2494 736 2532 et
756 2491 954 2534 honestas
974 2494 1017 2533 et
1043 2491 1089 2533 in
1119 2491 1239 2533 nullo
1268 2489 1390 2533 nobis
1419 2492 1495 2532 aut
1525 2488 1829 2532 successoribus
1857 2489 2012 2532 nostris
2040 2489 2185 2545 preju-

237 2583 408 2625 diciales
428 2585 614 2625 tractatu
634 2582 746 2624 inter
766 2597 842 2624 nos
862 2582 907 2624 in
928 2583 1053 2625 domo
1074 2585 1219 2625 nostra
1235 2581 1459 2637 capituiari
1474 2580 1772 2623 LANDAVENSI
1790 2580 1864 2636 qui
1878 2580 1924 2622 in
1940 2580 2188 2637 hujusmodi

236 2672 541 2717 tradicionibus
570 2676 612 2715 et
644 2673 927 2715 concessiones
957 2672 1035 2715 sub
1065 2672 1204 2715 forma
1232 2672 1278 2714 in
1309 2671 1422 2714 dicto
1451 2671 1605 2727 scripto
1626 2673 1825 2713 contenta
1844 2671 2114 2714 ratificandas
2144 2674 2186 2714 et

235 2768 380 2807 tenore
400 2764 663 2820 presencium
684 2764 1037 2806 confirmavimus.
1099 2763 1155 2806 In
1191 2763 1314 2819 cujus
1349 2763 1411 2805 rei
1446 2762 1738 2805 testimonium
1772 2762 1963 2819 sigillum
1995 2765 2187 2805 nostrum

236 2870 458 2899 commune
479 2854 745 2911 presentibus
766 2855 967 2897 duximus
988 2855 1302 2911 apponendum.

293 2946 457 2988 Datum
487 2946 534 2988 in
565 2947 690 2988 domo
721 2948 865 2988 nostra
896 2945 1119 3001 capitulari
1159 2945 1458 2987 LANDAVENSI
1489 2945 1536 2986 in
1561 2943 1743 2986 crastino
1770 2943 1869 2986 festi
1900 2945 2185 3000 apostolorum

237 3035 379 3078 PETRI
403 3041 446 3077 et
467 3035 614 3078 PAULI
636 3050 749 3078 anno
772 3035 950 3079 Domini
970 3036 1196 3078 millesimo
1218 3042 1369 3078 ccccm0·
1391 3034 1749 3092 septimodecimo.
