2386 3645
239 309 349 352 1430

235 517 424 573 ipsorum
453 515 748 572 religiosorum
776 515 963 558 virorum
987 515 1033 557 in
1063 518 1105 557 et
1133 529 1258 570 super
1285 514 1481 557 omnibus
1509 513 1722 570 premissis
1753 513 1946 555 ecclesias
1976 513 2185 569 predictas

236 607 315 650 sibi
336 610 379 649 et
405 607 660 650 monasterio
685 608 915 650 eorundem
938 608 1020 649 rite
1047 609 1089 649 et
1113 606 1306 662 legitime
1333 605 1622 662 appropriatas
1643 620 1691 647 ac
1712 619 1781 647 eos
1802 605 1969 647 easdem
1991 604 2183 647 ecclesias

235 698 367 741 fuisse
388 702 431 741 et
451 713 538 741 esse
561 698 760 741 canonice
784 702 992 741 assecutos
1012 713 1060 740 ac
1081 698 1272 740 omnium
1300 701 1342 740 et
1363 697 1630 754 singulorum
1655 695 2034 752 suprascriptorum
2056 695 2187 739 fuisse

235 794 277 833 et
298 804 386 833 esse
409 790 630 833 canonicos
649 804 902 846 possessores
921 789 968 831 in
987 788 1069 831 hiis
1095 789 1259 844 scriptis
1278 788 1608 844 pronunciamus
1634 790 1677 830 et
1698 787 1962 830 declaramus
1989 786 2185 842 ipsosque

238 896 363 937 super
390 881 472 923 hiis
500 881 553 924 ab
583 881 717 923 officio
747 883 790 923 et
815 880 948 936 ipsius
975 880 1099 922 officii
1127 880 1320 922 examine
1348 880 1405 921 sic
1433 879 1686 921 sufficienter
1712 879 1900 920 munitos
1928 877 2186 921 absolvimus

234 974 276 1014 et
301 971 559 1014 dimittimus
584 975 729 1014 tenore
759 971 1020 1026 presentium
1047 970 1259 1012 absolutos
1278 984 1326 1011 ac
1353 969 1545 1011 ecclesias
1568 969 1778 1024 predictas
1794 983 1890 1011 cum
1911 968 1997 1011 suis
2017 967 2186 1024 juribus

236 1065 279 1105 et
301 1062 571 1119 pertinentiis
600 1062 806 1105 universis
836 1062 994 1104 eisdem
1024 1060 1231 1117 religiosis
1255 1061 1356 1103 viris
1383 1065 1425 1103 et
1453 1074 1598 1103 eorum
1625 1060 1880 1104 monasterio
1902 1060 2187 1116 suprascripto

236 1153 333 1210 jure
353 1156 496 1197 nostro
514 1154 735 1196 diocesano
763 1153 1071 1195 confirmamus.
1134 1151 1189 1194 In
1223 1151 1345 1207 cujus
1364 1152 1425 1195 rei
1444 1153 1736 1195 testimonium
1771 1151 1962 1207 sigillum
1995 1154 2189 1194 nostrum

234 1245 317 1288 hiis
337 1245 491 1288 litteris
513 1245 666 1288 nostris
688 1244 932 1301 patentibus
953 1244 1153 1286 duximus
1173 1245 1486 1299 apponendum.

294 1336 459 1379 Datum
492 1337 605 1392 apud
642 1334 887 1378 KENEFEK'
924 1334 1172 1377 duodecimo
1202 1334 1271 1377 die
1300 1335 1457 1377 mensis
1486 1334 1595 1377 Maii
1626 1349 1738 1377 anno
1770 1334 1932 1376 domini
1965 1333 2190 1376 millesimo

242 1427 534 1470 trecentesimo
569 1426 846 1482 nonagesimo
881 1425 1061 1481 septimo
1094 1459 1102 1467 .
1136 1424 1196 1467 Et
1230 1428 1372 1468 nostre
1403 1425 1726 1468 consecrationis
1761 1439 1874 1467 anno
1906 1423 2056 1480 primo,
2122 1424 2193 1477 <12

239 1517 360 1573 May,
395 1518 538 1573 1397.)

297 1608 358 1651 Et
388 1623 464 1651 nos
494 1608 818 1651 archidiaconus
845 1611 887 1650 et
918 1607 1152 1663 capitulum
1179 1607 1385 1650 antedicti
1409 1607 1508 1650 visis
1534 1607 1688 1651 litteris
1714 1608 1929 1664 premissis
1961 1622 2195 1664 eorumque

236 1703 383 1743 tenore
406 1699 660 1742 examinatis
691 1699 858 1755 plenius
879 1702 921 1741 et
940 1699 1167 1741 intellectis
1189 1698 1418 1755 habitoque
1446 1699 1559 1741 inter
1585 1714 1662 1742 nos
1689 1715 1776 1742 una
1805 1715 1901 1742 cum
1931 1700 2045 1742 dicto
2076 1714 2193 1742 reve-

236 1792 368 1834 rendo
403 1794 525 1846 patre
561 1805 685 1846 super
722 1791 880 1832 eisdem
914 1790 1069 1832 litteris
1100 1793 1142 1833 et
1180 1790 1389 1833 contentis
1422 1791 1469 1833 in
1500 1790 1658 1833 eisdem
1690 1794 1874 1833 tractatu
1908 1790 2120 1847 solempni
2153 1793 2196 1833 et

240 1882 440 1938 diligenti
470 1881 750 1937 omnibusque
781 1896 862 1937 que
892 1882 945 1923 de
974 1881 1071 1937 jure
1099 1881 1146 1924 in
1175 1881 1254 1924 hac
1284 1885 1404 1937 parte
1433 1881 1708 1938 requiruntur
1738 1882 1981 1938 plenissime
2014 1883 2195 1938 peractis

238 1974 448 2030 predictas
478 1973 877 2029 pronunciacionem
909 1973 1239 2016 declaracionem
1267 1973 1555 2016 dimissionem
1576 1977 1619 2016 et
1640 1974 2007 2016 confirmacionem
2032 1974 2193 2016 omnia-

239 2080 323 2121 que
344 2064 428 2106 alia
449 2067 490 2106 et
523 2064 694 2121 singula
713 2064 758 2106 in
792 2064 916 2106 dictis
936 2064 1090 2106 litteris
1111 2066 1310 2106 contenta
1328 2067 1455 2120 prout
1473 2079 1549 2120 per
1568 2064 1708 2120 ipsum
1728 2065 2009 2107 reverendum
2030 2069 2193 2121 patrem

240 2156 415 2212 provide
454 2155 568 2198 faeta
608 2160 707 2197 sunt
750 2155 1033 2211 approbamus
1070 2155 1330 2198 ratificamus
1369 2158 1411 2197 et
1461 2156 1515 2197 ad
1554 2159 1804 2210 perpetuam
1844 2155 1905 2198 rei
1946 2155 2196 2198 memoriam

243 2247 552 2290 confirmamus.
614 2246 669 2289 In
692 2246 814 2302 cujus
845 2246 906 2289 rei
938 2246 1231 2289 testimonium
1261 2246 1451 2303 sigillum
1471 2249 1664 2288 nostrum
1685 2261 1908 2289 commune
1930 2245 2197 2302 presentibus

245 2337 446 2380 duximus
467 2338 780 2394 apponendum.

303 2436 468 2479 Datum
489 2436 535 2478 in
558 2437 683 2480 domo
704 2440 848 2479 nostra
868 2437 1092 2493 capitulari
1120 2437 1282 2480 decimo
1304 2437 1482 2493 septimo
1504 2436 1572 2480 die
1592 2437 1748 2480 mensis
1769 2436 1878 2479 Maii
1899 2451 2012 2479 anno
2034 2437 2198 2480 domini

249 2528 502 2584 supradicto.

308 2628 544 2681 Endorsed‚
566 2629 612 2671 in
643 2629 729 2671 late
760 2628 1144 2685 handwritings—‘
1160 2628 1466 2685 Appropriatio
1495 2629 1626 2671 trium
1658 2628 1926 2671 ecclesiarum
1958 2629 2013 2670 ad
2042 2627 2229 2684 Margan

253 2719 590 2776 pertinentium‚'
614 2724 624 2742 ‘
642 2719 928 2763 Cisterciensis
950 2719 1137 2762 ordinis.’

311 2818 421 2871 Seal,
443 2819 489 2861 in
523 2834 653 2876 green
686 2834 794 2871 wax,
818 2819 863 2862 of
893 2818 1143 2862 LLANDAFF
1181 2819 1408 2862 Cathedral
1441 2818 1626 2874 chapter.
1694 2817 1788 2873 (See
1821 2817 1968 2866 Birch‚
1995 2817 2126 2860 Oatal.
2162 2820 2212 2869 of

254 2910 367 2952 Seals
391 2913 429 2951 e'n
456 2911 562 2952 Brit.
589 2911 712 2962 Mus„
734 2909 817 2953 No.
844 2910 987 2965 1890.)
