2386 3645
1937 234 2048 276 1323

210 437 327 481 Note
357 437 404 480 in
433 437 507 480 the
536 437 632 480 MS.
663 436 798 479 below
827 436 901 479 the
930 439 1049 479 text:
1083 436 1215 481 Wills
1248 469 1257 479 .
1289 437 1343 478 de
1383 436 1506 488 Rale,
1546 435 1678 492 being
1707 451 1733 478 a
1772 436 1802 479 J
1803 437 1916 493 udge
1946 436 1991 479 of
2029 435 2103 478 the

156 529 366 573 Oommon
405 529 544 581 Pleas,
587 530 643 571 14
683 527 801 571 Hen.
843 526 952 579 ΙΙΙ.,
993 542 1080 569 was
1129 527 1376 570 afterwards
1417 527 1543 569 made
1582 526 1745 583 Bishop
1794 527 1840 569 of
1886 527 2102 581 Norwioh,

157 621 213 663 23
234 621 353 664 Hen.
376 620 469 664 ΠΙ.
531 621 684 662 Matth.
709 619 850 671 Paris,
871 619 903 661 f.
931 619 1032 661 468.

215 712 266 741 Sir
280 712 369 742 John
383 711 423 741 de
438 710 566 749 Ralegh
581 711 615 740 of
637 709 863 740 Nettlecombe
878 709 954 739 held
968 708 1404 746 Michaelstone-super-Ely,
1417 707 1654 745 Wrenchester,
1668 708 1732 737 and
1754 708 1846 737 other
1860 708 1954 737 lands
1968 708 2001 737 in
2015 708 2095 737 East

166 767 378 806 Glamorgan.
419 766 572 806 Hywych
597 774 633 796 or
655 766 771 804 Hiwys
794 774 860 794 was
882 774 925 795 no
948 765 1051 794 doubt
1071 774 1090 793 a
1111 763 1229 794 feoffee
1250 764 1284 793 in
1305 767 1392 793 trust
1413 764 1464 793 for
1485 772 1546 793 one
1567 764 1601 793 of
1623 763 1672 793 Sir
1692 763 1713 792 J
1717 763 1809 793 ohn's
1830 767 1896 793 two
1911 763 2096 801 marriages.

164 822 306 853 Thomas
328 823 483 860 Chauoer,
503 822 560 852 the
580 821 685 861 poet's
706 830 775 860 son,
797 830 923 860 sprung
942 821 1028 850 from
1049 820 1105 850 the
1126 820 1258 851 second.
1299 819 1424 849 Mohun
1445 819 1510 849 and
1531 819 1662 849 Forster
1689 828 1771 849 were
1792 827 1903 848 names
1925 818 2095 848 otherwise

164 879 331 909 unknown
346 879 380 908 in
395 878 605 916 Glamorgan.

212 936 243 964 A
257 936 387 965 version
409 935 443 964 of
464 935 520 964 the
541 934 645 964 above
666 934 692 964 is
715 933 812 972 given
833 933 868 963 in
882 932 1067 963 ‘Wotton's
1089 932 1314 971 Baronetage,'
1336 931 1413 970 ΙΙΙ.,
1435 935 1482 970 pt.
1503 931 1560 969 11„
1582 941 1613 970 p.
1628 932 1685 961 355
1699 930 1933 969 2—‘Omnibus,
1948 933 2019 968 etc,
2033 933 2096 961 etc.

162 990 186 1021 J
189 991 332 1020 ohannes
347 990 475 1028 Ralegh
489 990 529 1020 de
544 989 751 1020 Nettlecomb
764 989 858 1019 miles
872 989 1022 1019 salutem.
1063 987 1227 1018 Noveritis
1242 997 1293 1018 me
1308 987 1507 1018 concessisse
1527 987 1548 1016 J
1551 987 1673 1017 ohanni
1693 986 1810 1026 Hiwys
1829 987 1945 1017 rectori
1965 986 2098 1016 ecclesie

164 1047 203 1077 de
219 1046 427 1076 Nettleeomb
442 1046 551 1076 omnia.
566 1049 751 1076 tenementa
765 1054 836 1075 mea
852 1045 885 1074 in
899 1044 1149 1075 Wrenchelston
1164 1044 1198 1074 in
1213 1043 1344 1074 Wallia.
1383 1044 1421 1073 42
1436 1042 1496 1074 Ed.
1510 1042 1589 1074 111!

993 1409 1283 1453 MXXXIII.

156 1519 374 1564 GRANT
439 1519 513 1562 IN
575 1518 728 1562 TAIL
791 1518 879 1562 BY
943 1518 973 1562 J
976 1518 1113 1562 OHN
1164 1517 1295 1561 GAY
1355 1518 1490 1561 AND
1550 1517 1799 1561 OTHERS
1854 1517 1932 1560 OF
1983 1517 2115 1561 THE

303 1610 564 1654 MANORS
615 1610 695 1653 OF
744 1608 1552 1661 NOROHARD-BERKEROLES‚
1603 1608 1748 1663 ETO„
1800 1608 1979 1654 WITH
2012 1608 2116 1652 RE-

301 1701 635 1746 MAINDERS
682 1701 759 1745 ΤΟ
810 1701 912 1745 SIR
963 1701 1310 1745 LAURENOE
1362 1700 1780 1745 BERKEROLES
1821 1700 1956 1744 AND
2007 1699 2118 1744 HIS

307 1793 491 1839 WIFE.

1024 1850 1100 1908 [e.
1125 1850 1176 1894 0.
1202 1850 1274 1908 n]

239 1961 427 2004 SUNDAY
448 1974 596 2003 AFTER
614 1958 847 2003 NA'rrvrTY
867 1974 921 2002 or·
942 1974 1034 2002 THE
1054 1959 1245 2003 VIRGIN.
1309 1960 1334 2000 9
1356 1958 1485 2002 SEPT.
1546 1960 1602 2001 43
1623 1958 1752 2001 Enw.
1775 1957 1867 2000 III.
1931 1957 2056 1999 1369.

215 2067 362 2112 Sciant
381 2070 597 2125 presentes
618 2069 660 2110 et
680 2067 818 2110 futuri
840 2068 955 2123 quod
974 2083 1052 2110 nos
1078 2067 1108 2110 J
1111 2081 1322 2110 OHANNES
1344 2066 1445 2110 Gn
1472 2067 1716 2123 capellanus
1737 2066 1927 2110 THOMAS
1945 2064 2115 2108 ATKYN

155 2163 292 2203 rector
312 2159 482 2203 ecclesie
502 2160 555 2202 de
577 2158 736 2202 Sancta
755 2158 959 2201 Bmmm
981 2161 1024 2201 et
1045 2158 1236 2201 THoMAs
1257 2158 1407 2201 HUGH
1436 2161 1573 2201 rector
1593 2157 1763 2201 ecclesie
1784 2158 1836 2200 de
1857 2157 1887 2200 J
1889 2170 2111 2199 EOLESTON

154 2252 352 2295 dedimus
401 2251 681 2294 concessimus
730 2253 775 2293 et
823 2250 902 2293 hac
950 2250 1138 2306 presenti
1187 2253 1303 2293 carta
1352 2253 1499 2292 nostra
1547 2249 1890 2293 confirmavimus
1938 2247 2111 2291 domino

153 2343 423 2386 LAURENCIO
455 2342 760 2385 BERKEROLES
799 2341 930 2384 militi
963 2345 1005 2384 et
1039 2341 1345 2384 ELYZABETHE
1382 2341 1506 2384 uxori
1541 2341 1636 2397 ejus
1666 2340 1856 2383 maneria
1887 2341 2032 2382 nostra
2058 2339 2111 2381 de

153 2434 704 2478 NORCHARDBERKEROLES
734 2433 1097 2476 MARGHELMAUR
1127 2435 1170 2476 et
1206 2432 1431 2475 LANDFEY
1460 2447 1557 2475 cum
1586 2431 1822 2475 redditibus
1850 2434 1893 2474 et
1922 2430 2108 2473 serviciis

155 2525 349 2569 omnium
370 2525 614 2568 tenencium
635 2527 878 2567 nostrorum
897 2524 1058 2567 ibidem
1080 2527 1123 2567 et
1149 2524 1362 2567 curiarum
1392 2524 1514 2567 sectis
1543 2539 1630 2566 una
1659 2538 1756 2566 cum
1786 2521 1982 2565 omnibus
2011 2521 2107 2564 aliis

153 2616 422 2660 libertatibus
452 2619 496 2660 et
525 2615 853 2659 comoditatibus
883 2617 938 2658 ad
966 2616 1080 2658 dicta
1108 2615 1300 2658 maneria
1320 2615 1671 2671 qualitercunque
1697 2613 1984 2670 spectantibus
2015 2646 2024 2655 .
2057 2627 2106 2655 ae

153 2707 284 2751 etiam
305 2707 448 2750 omnia
467 2706 679 2764 burgagia
698 2710 843 2750 nostra
863 2707 916 2749 (10
937 2705 1203 2749 COUBRIGGE
1225 2712 1268 2749 et
1297 2705 1524 2749 KAERDYF
1545 2721 1641 2748 cum
1668 2704 1865 2748 omnibus
1894 2704 1980 2747 suis
2008 2718 2103 2760 per-

153 2798 364 2842 tinenciis.
426 2797 645 2842 Habenda
675 2830 685 2840 .
718 2800 761 2841 et
789 2799 977 2841 tenenda
1008 2831 1018 2841 .
1051 2797 1196 2841 omnia
1225 2797 1416 2854 predicta
1448 2831 1457 2840 .
1488 2797 1680 2840 maneria
1703 2799 1746 2839 et
1774 2795 1985 2852 burgagia
2005 2810 2102 2838 curn

153 2889 350 2933 omnibus
370 2888 698 2932 comoditatibus
717 2888 987 2932 libertatibus
1007 2891 1050 2931 et
1079 2888 1276 2931 omnibus
1306 2888 1401 2931 aliis
1430 2887 1703 2945 pertinenciis
1732 2886 1818 2929 suis
1847 2887 1901 2929 de
1930 2886 2103 2942 capitali

151 2980 326 3024 domino
340 2979 456 3023 feodi
469 2979 586 3022 illius
599 2979 674 3036 qui
685 2994 762 3036 pro
775 2982 965 3036 tempore
977 2979 1108 3022 fuerit
1124 3013 1133 3022 .
1151 2979 1265 3022 dicto
1278 2979 1450 3022 domino
1463 2978 1731 3021 LAURENCIO
1743 2980 1786 3021 et
1798 2977 2103 3021 ELYZABETHE
