2386 3645
1941 275 2051 317 1507

993 478 1287 522 MCXXVII.

170 600 654 645 GONFIRMATION
686 601 764 643 OF
794 600 1174 645 PRIVILEGES
1203 601 1292 644 BY
1320 601 1646 655 ISABELLA,
1680 603 1991 647 OOUNTESS
2033 605 2111 647 OF

420 692 814 745 WORGESTER,
845 691 922 734 ΤΟ
955 691 1086 734 THE
1118 691 1472 736 BURGESSES
1504 692 1582 735 OF
1612 693 1847 736 NEATH.

856 807 1048 865 [Num
1082 807 1433 866 CORPORATION]

1281 917 1337 958 24
1357 916 1521 959 APRIL.
1586 917 1607 958 1
1633 915 1757 958 Hm.
1781 916 1863 959 VI.
1927 918 2051 959 1423.

227 1031 451 1074 ISABELLA
491 1031 702 1074 comitissa
742 1031 1007 1074 W1G0RN1AE
1055 1032 1229 1074 domina
1267 1032 1307 1074 le
1348 1031 1617 1073 DESPENSER
1666 1030 2027 1074 GLAMORGANCIE
2078 1035 2120 1075 et

171 1121 494 1164 MORGANUCKE
516 1121 712 1165 omnibus
731 1121 928 1164 fidelibus
949 1123 1003 1164 ad
1023 1137 1128 1177 quos
1146 1137 1343 1178 praesens
1363 1122 1568 1178 scriptum
1588 1122 1828 1177 pervenerit
1849 1122 2040 1165 salutem.

230 1211 502 1269 Inspeximus
531 1212 898 1255 confirmacionem
928 1211 1096 1255 ΤΗΟΜΕ
1129 1213 1169 1255 16
1197 1212 1469 1255 DESPENCER
1496 1212 1660 1255 domini
1689 1212 2049 1255 GLAMORGANCIE
2080 1216 2123 1256 et

171 1303 494 1346 MORGANUGKE
514 1303 649 1360 patris
664 1303 798 1346 nostri
814 1318 943 1360 quam
958 1303 1061 1346 fecit
1074 1303 1358 1360 burgensibus
1373 1304 1527 1346 nostris
1543 1304 1595 1346 de
1611 1303 1779 1346 NEETH
1800 1304 1846 1345 in
1862 1303 1964 1346 haec
1981 1304 2120 1347 verba.

229 1392 419 1436 Tuoms
439 1394 480 1435 le
501 1393 771 1436 DEsPENSER
792 1393 905 1435 filius
925 1396 969 1435 et
988 1393 1108 1436 heres
1132 1393 1359 1435 EDWARDI
1389 1394 1430 1436 le
1462 1393 1731 1436 DESPENSER
1765 1393 1830 1450 [et
1850 1397 1987 1436 cetera
2007 1397 2057 1437 ut
2078 1394 2125 1437 in

176 1483 323 1527 charta
342 1484 485 1540 priori.
547 1483 660 1528 Vide
680 1483 764 1527 No.
788 1483 984 1540 MLXXV.]

230 1574 292 1618 Et
329 1590 406 1617 nos
440 1574 575 1631 igitur
599 1574 823 1617 IsABELLA
847 1575 1058 1618 comitissa
1093 1575 1357 1619 WIGORNIAE
1388 1576 1441 1618 de
1465 1575 1650 1618 uberiori
1682 1576 1822 1631 gratia
1853 1579 1997 1618 nostra
2029 1591 2126 1618 con-

171 1666 369 1709 cessimUS
401 1665 559 1708 eisdem
590 1665 874 1722 burgensibus
904 1666 1058 1709 nostris
1089 1681 1235 1709 eorum
1270 1666 1496 1709 heredibus
1528 1670 1570 1709 et
1606 1666 1910 1710 successoribus
1945 1668 2059 1722 quod
2091 1667 2127 1710 si

171 1756 253 1813 ipsi
274 1759 350 1799 aut
370 1771 517 1799 eorum
537 1757 691 1812 aliquis
711 1760 925 1813 ponantur
945 1757 1013 1800 vel
1034 1761 1219 1813 ponatur
1239 1757 1284 1799 in
1306 1773 1500 1813 processu
1519 1758 1565 1799 in
1587 1757 1793 1800 comitatu
1813 1758 1881 1800 vel
1901 1758 1948 1800 in
1982 1758 2127 1814 aliqua

172 1847 289 1890 curia
309 1847 522 1890 curiarum
538 1850 779 1890 nostrarum
796 1848 960 1890 domini
975 1848 1110 1890 nostri
1132 1847 1492 1891 GLAMORGANCIE
1513 1851 1557 1891 et
1577 1848 1900 1891 MORGANUCKE
1917 1850 2031 1904 quod
2046 1849 2129 1905 ipsi

171 1938 404 1996 burgenses
424 1953 570 1981 eorum
583 1938 760 1981 heredes
779 1942 823 1981 et
838 1953 1089 1981 successores
1105 1941 1148 1981 et
1163 1954 1308 1981 eorum
1324 1938 1503 1995 quilibet
1518 1938 1634 1981 ins-ra
1648 1939 1921 1982 hundredum
1934 1942 2127 1982 nostrum

179 2031 232 2073 de
244 2029 413 2073 ΝΕΕΤΗ
431 2028 647 2087 [placitari
657 2029 719 2086 ?]1
739 2032 782 2072 et
796 2029 956 2073 ibidem
971 2030 1091 2072 triari
1107 2034 1149 2072 et
1162 2030 1382 2072 terminari
1393 2030 1557 2086 possint
1569 2031 1635 2072 vel
1648 2030 1778 2086 possit
1795 2030 1952 2073 futuris
1965 2033 2129 2087 tempo-

170 2120 287 2164 ribus
321 2120 537 2163 duraturis
571 2121 639 2162 vel
666 2120 701 2163 si
728 2121 882 2176 aliquis
912 2121 980 2163 vel
1011 2136 1156 2164 eorum
1187 2121 1320 2176 aliqui
1355 2124 1573 2164 accusatus
1600 2136 1674 2164 seu
1707 2121 1962 2164 attachiatus
1995 2122 2126 2164 fuerit

169 2213 447 2269 imposterum
475 2212 522 2254 in
552 2212 758 2254 comitatu
778 2227 852 2255 seu
876 2213 922 2254 in
953 2212 1097 2268 aliqua
1130 2213 1246 2255 curia
1278 2213 1489 2255 curiarum
1523 2216 1765 2255 nostrarum
1797 2213 1959 2255 domini
1991 2213 2124 2256 nostri

171 2302 531 2346 GLAMORGANGIE
546 2306 589 2345 et
602 2302 926 2345 MORGANUCKE
947 2306 1119 2359 propter
1138 2303 1344 2346 feloniam
1373 2304 1487 2359 quod
1512 2303 1798 2360 [placitari?]1
1824 2303 1938 2346 infra
1963 2304 2123 2346 curiam

170 2396 357 2437 nostram
385 2394 438 2436 de
459 2392 665 2436 NEETH'S
685 2392 821 2435 LAND
841 2394 1004 2450 possint
1019 2394 1088 2437 vel
1107 2394 1239 2450 possit
1254 2398 1297 2437 et
1316 2394 1476 2437 ibidem
1498 2395 1617 2437 triari
1638 2395 1706 2437 vel
1722 2394 1943 2436 terminari
1964 2394 2120 2437 debent

169 2500 245 2542 per
262 2484 494 2541 burgenses
508 2484 636 2540 burgi
655 2484 789 2526 nostri
804 2485 983 2540 predicti
999 2488 1041 2528 et
1057 2499 1144 2527 non
1159 2500 1235 2541 per
1250 2485 1490 2528 forinsecos.
1551 2485 1612 2527 Et
1632 2485 1810 2527 ulterius
1831 2499 1975 2527 omnes
1994 2485 2120 2527 liber-

168 2578 277 2619 tates
306 2575 515 2632 predictas
534 2590 610 2631 pro
631 2574 753 2617 nobis
772 2577 815 2617 et
835 2575 1060 2618 heredibus
1080 2576 1234 2618 nostris
1254 2579 1344 2618 tam
1364 2577 1417 2618 de
1437 2591 1547 2619 novo
1567 2591 1642 2632 per
1662 2590 1738 2618 nos
1759 2590 1970 2618 concessas
1987 2590 2115 2630 quam

169 2681 244 2722 per
263 2666 471 2722 predictos
492 2668 771 2708 antecessores
790 2669 953 2709 nostros
974 2667 1092 2722 prius
1117 2667 1238 2709 datas
1265 2667 1465 2722 predictis
1484 2666 1767 2723 burgensibus
1792 2669 1834 2708 et
1859 2680 2004 2708 eorum
2029 2681 2120 2708 suc-

169 2756 398 2800 cessoribus
426 2756 685 2798 ratificamus
705 2758 748 2798 et
777 2756 1074 2799 confirmamus
1103 2772 1179 2813 per
1207 2761 1422 2813 presentes
1452 2758 1778 2813 imperpetuum.
1839 2756 1896 2798 In
1917 2756 2038 2812 cujus
2058 2756 2120 2798 rei

169 2846 461 2890 testimonium
499 2845 598 2888 huic
637 2846 825 2901 presenti
860 2847 1015 2903 scripto
1056 2847 1247 2904 sigillum
1289 2848 1548 2890 cancellariae
1583 2851 1737 2890 nostrae
1778 2847 1830 2889 de
1871 2846 2114 2888 CARDYFFE

165 2937 452 2993 apposuimus.
513 2935 600 2978 His
629 2935 807 2978 testibus
839 2970 848 2979 .
881 2937 1193 2980 venerabilibus
1223 2939 1325 2981 viris
1346 2937 1604 2982 WILLELMO
1624 2937 1776 2980 abbate
1797 2939 1849 2979 de
1871 2937 2074 2979 MARGAN
2107 2970 2116 2979 .

167 3026 378 3070 Lmsmo
419 3025 572 3068 abbate
612 3026 664 3068 de
705 3025 874 3068 Num
916 3061 925 3069 .
969 3027 1000 3070 J
1002 3042 1188 3070 OHANNE
1231 3028 1491 3089 Snunmm
1532 3031 1634 3070 tunc
1685 3027 1926 3070 vicecomite
1975 3031 2118 3070 nostro
