<?xml version="1.0" encoding="UTF-8"?>
<!DOCTYPE html PUBLIC "-//W3C//DTD XHTML 1.0 Transitional//EN"
    "http://www.w3.org/TR/xhtml1/DTD/xhtml1-transitional.dtd">
<html xmlns="http://www.w3.org/1999/xhtml" xml:lang="en" lang="en">
 <head>
  <title>
</title>
<meta http-equiv="Content-Type" content="text/html;charset=utf-8" />
  <meta name='ocr-system' content='tesseract 3.04.00' />
  <meta name='ocr-capabilities' content='ocr_page ocr_carea ocr_par ocr_line ocrx_word'/>
</head>
<body>
  <div class='ocr_page' id='page_1' title='image "./cartaeetaliamuni04claruoft_0411.png"; bbox 0 0 2386 3645; ppageno 0'>
   <div class='ocr_carea' id='block_1_1' title="bbox 1931 287 2040 328">
    <p class='ocr_par' dir='ltr' id='par_1_1' title="bbox 1931 287 2040 328">
     <span class='ocr_line' id='line_1_1' title="bbox 1931 287 2040 328; baseline 0 0"><span class='ocrx_word' id='word_1_1' title='bbox 1931 287 2040 328; x_wconf 89' lang='lat'>1499</span> 
     </span>
    </p>
   </div>
   <div class='ocr_carea' id='block_1_2' title="bbox 157 483 2114 2632">
    <p class='ocr_par' dir='ltr' id='par_1_2' title="bbox 159 483 2113 1722">
     <span class='ocr_line' id='line_1_2' title="bbox 161 483 2101 535; baseline 0.005 -10"><span class='ocrx_word' id='word_1_2' title='bbox 161 483 341 526; x_wconf 84' lang='lat' dir='ltr'>dominii</span> <span class='ocrx_word' id='word_1_3' title='bbox 381 484 433 526; x_wconf 89' lang='lat' dir='ltr'>de</span> <span class='ocrx_word' id='word_1_4' title='bbox 474 483 656 526; x_wconf 77' lang='lat' dir='ltr'>OomFF</span> <span class='ocrx_word' id='word_1_5' title='bbox 696 499 792 526; x_wconf 85' lang='lat' dir='ltr'>oum</span> <span class='ocrx_word' id='word_1_6' title='bbox 831 484 1180 527; x_wconf 83' lang='lat' dir='ltr'>advocacionibus</span> <span class='ocrx_word' id='word_1_7' title='bbox 1219 486 1486 529; x_wconf 80' lang='lat' dir='ltr'>ecclesiarum</span> <span class='ocrx_word' id='word_1_8' title='bbox 1525 489 1577 530; x_wconf 86' lang='lat' dir='ltr'>de</span> <span class='ocrx_word' id='word_1_9' title='bbox 1611 488 1802 532; x_wconf 82' lang='lat' dir='ltr'>COYTIFF</span> <span class='ocrx_word' id='word_1_10' title='bbox 1838 495 1880 534; x_wconf 87' lang='lat' dir='ltr'>et</span> <span class='ocrx_word' id='word_1_11' title='bbox 1919 493 2101 535; x_wconf 81' lang='lat' dir='ltr'>ecclesiae</span> 
     </span>
     <span class='ocr_line' id='line_1_3' title="bbox 164 574 2102 633; baseline 0.005 -16"><span class='ocrx_word' id='word_1_12' title='bbox 164 574 332 618; x_wconf 73' lang='lat' dir='ltr'>Sanctae</span> <span class='ocrx_word' id='word_1_13' title='bbox 367 575 580 617; x_wconf 75' lang='lat' dir='ltr'>BRIGIDAE</span> <span class='ocrx_word' id='word_1_14' title='bbox 614 575 789 617; x_wconf 87' lang='lat' dir='ltr'>minoris</span> <span class='ocrx_word' id='word_1_15' title='bbox 823 574 867 616; x_wconf 91' lang='lat' dir='ltr'>in</span> <span class='ocrx_word' id='word_1_16' title='bbox 903 575 1092 630; x_wconf 84' lang='lat' dir='ltr'>predicta</span> <span class='ocrx_word' id='word_1_17' title='bbox 1131 576 1324 619; x_wconf 80' lang='lat' dir='ltr'>Marohia</span> <span class='ocrx_word' id='word_1_18' title='bbox 1363 593 1459 633; x_wconf 83' lang='lat' dir='ltr'>quae</span> <span class='ocrx_word' id='word_1_19' title='bbox 1496 581 1696 621; x_wconf 87' lang='lat' dir='ltr'>tenentur</span> <span class='ocrx_word' id='word_1_20' title='bbox 1727 581 1779 622; x_wconf 89' lang='lat' dir='ltr'>de</span> <span class='ocrx_word' id='word_1_21' title='bbox 1811 581 2014 624; x_wconf 72' lang='lat' dir='ltr'>RmARno</span> <span class='ocrx_word' id='word_1_22' title='bbox 2049 584 2102 626; x_wconf 86' lang='lat' dir='ltr'>de</span> 
     </span>
     <span class='ocr_line' id='line_1_4' title="bbox 163 665 2102 726; baseline 0.005 -19"><span class='ocrx_word' id='word_1_23' title='bbox 163 666 463 708; x_wconf 80' lang='lat' dir='ltr'>BELLOCAMPO</span> <span class='ocrx_word' id='word_1_24' title='bbox 513 665 700 708; x_wconf 90' lang='lat' dir='ltr'>Domino</span> <span class='ocrx_word' id='word_1_25' title='bbox 740 666 793 708; x_wconf 84' lang='lat' dir='ltr'>de</span> <span class='ocrx_word' id='word_1_26' title='bbox 844 665 1128 708; x_wconf 75' lang='lat' dir='ltr'><strong>GLAMORGAN</strong></span> <span class='ocrx_word' id='word_1_27' title='bbox 1172 670 1214 709; x_wconf 91' lang='lat' dir='ltr'>et</span> <span class='ocrx_word' id='word_1_28' title='bbox 1254 667 1551 710; x_wconf 79' lang='lat' dir='ltr'><strong>MORGANNOK</strong></span> <span class='ocrx_word' id='word_1_29' title='bbox 1600 684 1674 724; x_wconf 87' lang='lat' dir='ltr'>per</span> <span class='ocrx_word' id='word_1_30' title='bbox 1723 673 1836 726; x_wconf 85' lang='lat' dir='ltr'>quod</span> <span class='ocrx_word' id='word_1_31' title='bbox 1884 674 2102 716; x_wconf 87' lang='lat' dir='ltr'>servitium</span> 
     </span>
     <span class='ocr_line' id='line_1_5' title="bbox 163 756 2103 813; baseline 0.004 -16"><span class='ocrx_word' id='word_1_32' title='bbox 163 757 378 813; x_wconf 86' lang='lat' dir='ltr'>ignorant.</span> <span class='ocrx_word' id='word_1_33' title='bbox 441 756 560 798; x_wconf 98' lang='lat' dir='ltr'>Obiit</span> <span class='ocrx_word' id='word_1_34' title='bbox 599 756 765 798; x_wconf 86' lang='lat' dir='ltr'>seisitus</span> <span class='ocrx_word' id='word_1_35' title='bbox 797 756 850 797; x_wconf 91' lang='lat' dir='ltr'>de</span> <span class='ocrx_word' id='word_1_36' title='bbox 882 756 1070 798; x_wconf 84' lang='lat' dir='ltr'>manerio</span> <span class='ocrx_word' id='word_1_37' title='bbox 1106 757 1158 799; x_wconf 88' lang='lat' dir='ltr'>de</span> <span class='ocrx_word' id='word_1_38' title='bbox 1190 756 1452 800; x_wconf 78' lang='lat' dir='ltr'><strong>LANGHARY</strong></span> <span class='ocrx_word' id='word_1_39' title='bbox 1484 773 1580 800; x_wconf 85' lang='lat' dir='ltr'>eum</span> <span class='ocrx_word' id='word_1_40' title='bbox 1614 760 1889 803; x_wconf 84' lang='lat' dir='ltr'>advocacione</span> <span class='ocrx_word' id='word_1_41' title='bbox 1921 763 2103 806; x_wconf 76' lang='lat' dir='ltr'>ecolesiae</span> 
     </span>
     <span class='ocr_line' id='line_1_6' title="bbox 163 845 2104 906; baseline 0.004 -18"><span class='ocrx_word' id='word_1_42' title='bbox 163 847 357 903; x_wconf 87' lang='lat' dir='ltr'>ejusdem</span> <span class='ocrx_word' id='word_1_43' title='bbox 376 847 555 889; x_wconf 86' lang='lat' dir='ltr'>manerii</span> <span class='ocrx_word' id='word_1_44' title='bbox 575 846 621 888; x_wconf 91' lang='lat' dir='ltr'>in</span> <span class='ocrx_word' id='word_1_45' title='bbox 641 845 834 888; x_wconf 81' lang='lat' dir='ltr'>Marchia</span> <span class='ocrx_word' id='word_1_46' title='bbox 853 846 1042 901; x_wconf 82' lang='lat' dir='ltr'>predicta.</span> <span class='ocrx_word' id='word_1_47' title='bbox 1062 848 1176 902; x_wconf 85' lang='lat' dir='ltr'>quod</span> <span class='ocrx_word' id='word_1_48' title='bbox 1196 848 1435 890; x_wconf 87' lang='lat' dir='ltr'>manerium</span> <span class='ocrx_word' id='word_1_49' title='bbox 1453 851 1623 891; x_wconf 83' lang='lat' dir='ltr'>tenetur</span> <span class='ocrx_word' id='word_1_50' title='bbox 1642 851 1694 892; x_wconf 91' lang='lat' dir='ltr'>de</span> <span class='ocrx_word' id='word_1_51' title='bbox 1715 851 1880 906; x_wconf 85' lang='lat' dir='ltr'>prefato</span> <span class='ocrx_word' id='word_1_52' title='bbox 1901 851 2104 895; x_wconf 78' lang='lat' dir='ltr'>R1CARno</span> 
     </span>
     <span class='ocr_line' id='line_1_7' title="bbox 162 937 2104 994; baseline 0.004 -15"><span class='ocrx_word' id='word_1_53' title='bbox 162 938 214 979; x_wconf 88' lang='lat' dir='ltr'>de</span> <span class='ocrx_word' id='word_1_54' title='bbox 236 937 389 979; x_wconf 82' lang='lat' dir='ltr'>BELLo</span> <span class='ocrx_word' id='word_1_55' title='bbox 411 937 568 980; x_wconf 82' lang='lat' dir='ltr'>OAMPO</span> <span class='ocrx_word' id='word_1_56' title='bbox 589 952 664 992; x_wconf 91' lang='lat' dir='ltr'>per</span> <span class='ocrx_word' id='word_1_57' title='bbox 685 938 798 992; x_wconf 87' lang='lat' dir='ltr'>quod</span> <span class='ocrx_word' id='word_1_58' title='bbox 819 937 1042 979; x_wconf 82' lang='lat' dir='ltr'>servicium</span> <span class='ocrx_word' id='word_1_59' title='bbox 1062 937 1275 994; x_wconf 85' lang='lat' dir='ltr'>ignorant.</span> <span class='ocrx_word' id='word_1_60' title='bbox 1338 938 1457 982; x_wconf 89' lang='lat' dir='ltr'>Obiit</span> <span class='ocrx_word' id='word_1_61' title='bbox 1477 940 1643 983; x_wconf 85' lang='lat' dir='ltr'>seisitus</span> <span class='ocrx_word' id='word_1_62' title='bbox 1662 941 1709 983; x_wconf 93' lang='lat' dir='ltr'>in</span> <span class='ocrx_word' id='word_1_63' title='bbox 1729 942 1940 984; x_wconf 87' lang='lat' dir='ltr'>dominico</span> <span class='ocrx_word' id='word_1_64' title='bbox 1962 958 2035 985; x_wconf 87' lang='lat' dir='ltr'>suo</span> <span class='ocrx_word' id='word_1_65' title='bbox 2056 948 2104 986; x_wconf 91' lang='lat' dir='ltr'>ut</span> 
     </span>
     <span class='ocr_line' id='line_1_8' title="bbox 160 1027 2108 1087; baseline 0.004 -18"><span class='ocrx_word' id='word_1_66' title='bbox 160 1029 213 1070; x_wconf 87' lang='lat' dir='ltr'>de</span> <span class='ocrx_word' id='word_1_67' title='bbox 246 1028 370 1070; x_wconf 80' lang='lat' dir='ltr'>feodo</span> <span class='ocrx_word' id='word_1_68' title='bbox 405 1028 572 1070; x_wconf 85' lang='lat' dir='ltr'>talliato</span> <span class='ocrx_word' id='word_1_69' title='bbox 607 1027 688 1070; x_wconf 86' lang='lat' dir='ltr'>sibi</span> <span class='ocrx_word' id='word_1_70' title='bbox 720 1031 761 1069; x_wconf 87' lang='lat' dir='ltr'>et</span> <span class='ocrx_word' id='word_1_71' title='bbox 791 1027 1033 1070; x_wconf 83' lang='lat' dir='ltr'>haeredibus</span> <span class='ocrx_word' id='word_1_72' title='bbox 1065 1029 1150 1070; x_wconf 86' lang='lat' dir='ltr'>suis</span> <span class='ocrx_word' id='word_1_73' title='bbox 1180 1030 1377 1072; x_wconf 85' lang='lat' dir='ltr'>masculis</span> <span class='ocrx_word' id='word_1_74' title='bbox 1398 1031 1450 1072; x_wconf 90' lang='lat' dir='ltr'>de</span> <span class='ocrx_word' id='word_1_75' title='bbox 1472 1045 1641 1087; x_wconf 84' lang='lat' dir='ltr'>corpore</span> <span class='ocrx_word' id='word_1_76' title='bbox 1664 1047 1738 1074; x_wconf 91' lang='lat' dir='ltr'>suo</span> <span class='ocrx_word' id='word_1_77' title='bbox 1777 1033 2029 1076; x_wconf 81' lang='lat' dir='ltr'>exeuntibus</span> <span class='ocrx_word' id='word_1_78' title='bbox 2056 1036 2108 1077; x_wconf 85' lang='lat' dir='ltr'>de</span> 
     </span>
     <span class='ocr_line' id='line_1_9' title="bbox 161 1118 2108 1176; baseline 0.004 -16"><span class='ocrx_word' id='word_1_79' title='bbox 161 1119 350 1161; x_wconf 87' lang='lat' dir='ltr'>manerio</span> <span class='ocrx_word' id='word_1_80' title='bbox 379 1119 431 1161; x_wconf 89' lang='lat' dir='ltr'>de</span> <span class='ocrx_word' id='word_1_81' title='bbox 464 1118 705 1160; x_wconf 75' lang='lat' dir='ltr'>NEWLAND</span> <span class='ocrx_word' id='word_1_82' title='bbox 726 1133 822 1161; x_wconf 86' lang='lat' dir='ltr'>eum</span> <span class='ocrx_word' id='word_1_83' title='bbox 851 1119 1122 1174; x_wconf 86' lang='lat' dir='ltr'>pertinentiis</span> <span class='ocrx_word' id='word_1_84' title='bbox 1151 1120 1196 1161; x_wconf 90' lang='lat' dir='ltr'>in</span> <span class='ocrx_word' id='word_1_85' title='bbox 1226 1121 1415 1176; x_wconf 79' lang='lat' dir='ltr'>predicta</span> <span class='ocrx_word' id='word_1_86' title='bbox 1445 1121 1638 1164; x_wconf 81' lang='lat' dir='ltr'>Marchia</span> <span class='ocrx_word' id='word_1_87' title='bbox 1669 1121 1878 1166; x_wconf 77' lang='lat' dir='ltr'><strong>WALLIAE</strong></span> <span class='ocrx_word' id='word_1_88' title='bbox 1909 1127 2026 1167; x_wconf 86' lang='lat' dir='ltr'>tento</span> <span class='ocrx_word' id='word_1_89' title='bbox 2056 1127 2108 1168; x_wconf 87' lang='lat' dir='ltr'>de</span> 
     </span>
     <span class='ocr_line' id='line_1_10' title="bbox 159 1209 2107 1269; baseline 0.004 -18"><span class='ocrx_word' id='word_1_90' title='bbox 159 1210 325 1266; x_wconf 77' lang='lat' dir='ltr'>prefato</span> <span class='ocrx_word' id='word_1_91' title='bbox 347 1209 552 1252; x_wconf 59' lang='lat' dir='ltr'>Rmmno</span> <span class='ocrx_word' id='word_1_92' title='bbox 583 1210 634 1252; x_wconf 90' lang='lat' dir='ltr'>de</span> <span class='ocrx_word' id='word_1_93' title='bbox 666 1209 820 1252; x_wconf 82' lang='lat' dir='ltr'>BELLo</span> <span class='ocrx_word' id='word_1_94' title='bbox 851 1209 1008 1252; x_wconf 81' lang='lat' dir='ltr'>OAMPo</span> <span class='ocrx_word' id='word_1_95' title='bbox 1036 1226 1111 1266; x_wconf 86' lang='lat' dir='ltr'>per</span> <span class='ocrx_word' id='word_1_96' title='bbox 1137 1212 1251 1266; x_wconf 81' lang='lat' dir='ltr'>quod</span> <span class='ocrx_word' id='word_1_97' title='bbox 1272 1212 1492 1254; x_wconf 88' lang='lat' dir='ltr'>servitium</span> <span class='ocrx_word' id='word_1_98' title='bbox 1513 1214 1714 1269; x_wconf 83' lang='lat' dir='ltr'>ignorant</span> <span class='ocrx_word' id='word_1_99' title='bbox 1738 1246 1747 1254; x_wconf 90' lang='lat'>.</span> <span class='ocrx_word' id='word_1_100' title='bbox 1769 1213 2107 1258; x_wconf 77' lang='lat' dir='ltr'><strong>LAURENSLOND</strong></span> 
     </span>
     <span class='ocr_line' id='line_1_11' title="bbox 161 1301 2110 1349; baseline 0.003 -6"><span class='ocrx_word' id='word_1_101' title='bbox 161 1301 276 1343; x_wconf 80' lang='lat' dir='ltr'>infra</span> <span class='ocrx_word' id='word_1_102' title='bbox 296 1301 552 1344; x_wconf 87' lang='lat' dir='ltr'>Dominuim</span> <span class='ocrx_word' id='word_1_103' title='bbox 572 1302 625 1343; x_wconf 87' lang='lat' dir='ltr'>de</span> <span class='ocrx_word' id='word_1_104' title='bbox 648 1301 843 1344; x_wconf 77' lang='lat' dir='ltr'>COYTIFF</span> <span class='ocrx_word' id='word_1_105' title='bbox 866 1302 1061 1343; x_wconf 86' lang='lat' dir='ltr'>similiter</span> <span class='ocrx_word' id='word_1_106' title='bbox 1081 1302 1247 1345; x_wconf 84' lang='lat' dir='ltr'>talliato</span> <span class='ocrx_word' id='word_1_107' title='bbox 1269 1306 1311 1345; x_wconf 90' lang='lat' dir='ltr'>et</span> <span class='ocrx_word' id='word_1_108' title='bbox 1339 1304 1533 1346; x_wconf 82' lang='lat' dir='ltr'>similiter</span> <span class='ocrx_word' id='word_1_109' title='bbox 1553 1307 1672 1347; x_wconf 86' lang='lat' dir='ltr'>tento</span> <span class='ocrx_word' id='word_1_110' title='bbox 1695 1339 1703 1348; x_wconf 88' lang='lat'><strong>.</strong></span> <span class='ocrx_word' id='word_1_111' title='bbox 1726 1305 1755 1348; x_wconf 86' lang='lat' dir='ltr'>J</span> <span class='ocrx_word' id='word_1_112' title='bbox 1759 1319 1931 1348; x_wconf 76' lang='lat' dir='ltr'>oRDANs</span> <span class='ocrx_word' id='word_1_113' title='bbox 1962 1306 2110 1349; x_wconf 82' lang='lat' dir='ltr'><strong>PLACE</strong></span> 
     </span>
     <span class='ocr_line' id='line_1_12' title="bbox 160 1392 2112 1453; baseline 0.004 -20"><span class='ocrx_word' id='word_1_114' title='bbox 160 1392 275 1434; x_wconf 81' lang='lat' dir='ltr'>infra</span> <span class='ocrx_word' id='word_1_115' title='bbox 306 1393 469 1435; x_wconf 85' lang='lat' dir='ltr'>dietum</span> <span class='ocrx_word' id='word_1_116' title='bbox 498 1392 752 1434; x_wconf 90' lang='lat' dir='ltr'>Dominium</span> <span class='ocrx_word' id='word_1_117' title='bbox 783 1392 977 1434; x_wconf 76' lang='lat' dir='ltr'>simfliter</span> <span class='ocrx_word' id='word_1_118' title='bbox 1007 1396 1137 1435; x_wconf 83' lang='lat' dir='ltr'>tento.</span> <span class='ocrx_word' id='word_1_119' title='bbox 1201 1393 1320 1437; x_wconf 89' lang='lat' dir='ltr'>Obiit</span> <span class='ocrx_word' id='word_1_120' title='bbox 1349 1395 1404 1436; x_wconf 80' lang='lat'>27</span> <span class='ocrx_word' id='word_1_121' title='bbox 1436 1395 1589 1437; x_wconf 88' lang='lat' dir='ltr'>ultimo</span> <span class='ocrx_word' id='word_1_122' title='bbox 1618 1396 1820 1451; x_wconf 87' lang='lat' dir='ltr'>preterito</span> <span class='ocrx_word' id='word_1_123' title='bbox 1844 1431 1852 1439; x_wconf 85' lang='lat'>.</span> <span class='ocrx_word' id='word_1_124' title='bbox 1882 1396 2112 1453; x_wconf 78' lang='lat' dir='ltr'>Inquisitio</span> 
     </span>
     <span class='ocr_line' id='line_1_13' title="bbox 164 1483 2111 1543; baseline 0.003 -18"><span class='ocrx_word' id='word_1_125' title='bbox 164 1486 287 1540; x_wconf 83' lang='lat' dir='ltr'>capta</span> <span class='ocrx_word' id='word_1_126' title='bbox 307 1483 375 1526; x_wconf 86' lang='lat' dir='ltr'>die</span> <span class='ocrx_word' id='word_1_127' title='bbox 396 1483 535 1526; x_wconf 88' lang='lat' dir='ltr'>Lunae</span> <span class='ocrx_word' id='word_1_128' title='bbox 557 1483 750 1539; x_wconf 83' lang='lat' dir='ltr'>proximo</span> <span class='ocrx_word' id='word_1_129' title='bbox 772 1487 871 1525; x_wconf 85' lang='lat' dir='ltr'>ante</span> <span class='ocrx_word' id='word_1_130' title='bbox 893 1484 1048 1526; x_wconf 88' lang='lat' dir='ltr'>festum</span> <span class='ocrx_word' id='word_1_131' title='bbox 1070 1483 1276 1527; x_wconf 86' lang='lat' dir='ltr'>Omnium</span> <span class='ocrx_word' id='word_1_132' title='bbox 1296 1484 1550 1528; x_wconf 84' lang='lat' dir='ltr'>Sanctorum</span> <span class='ocrx_word' id='word_1_133' title='bbox 1571 1501 1683 1528; x_wconf 83' lang='lat' dir='ltr'>anno</span> <span class='ocrx_word' id='word_1_134' title='bbox 1705 1487 1883 1543; x_wconf 84' lang='lat' dir='ltr'>septimo</span> <span class='ocrx_word' id='word_1_135' title='bbox 1907 1487 2111 1530; x_wconf 79' lang='lat' dir='ltr'>HENRICI</span> 
     </span>
     <span class='ocr_line' id='line_1_14' title="bbox 164 1574 2113 1634; baseline 0.003 -18"><span class='ocrx_word' id='word_1_136' title='bbox 164 1575 316 1631; x_wconf 87' lang='lat' dir='ltr'>quinti.</span> <span class='ocrx_word' id='word_1_137' title='bbox 390 1574 451 1617; x_wconf 84' lang='lat' dir='ltr'>Et</span> <span class='ocrx_word' id='word_1_138' title='bbox 494 1575 608 1630; x_wconf 83' lang='lat' dir='ltr'>quod.</span> <span class='ocrx_word' id='word_1_139' title='bbox 648 1574 838 1617; x_wconf 80' lang='lat' dir='ltr'><strong>THOMAS</strong></span> <span class='ocrx_word' id='word_1_140' title='bbox 881 1574 1077 1617; x_wconf 80' lang='lat' dir='ltr'><strong>GAMAGE</strong></span> <span class='ocrx_word' id='word_1_141' title='bbox 1117 1580 1181 1618; x_wconf 86' lang='lat' dir='ltr'>est</span> <span class='ocrx_word' id='word_1_142' title='bbox 1222 1576 1335 1618; x_wconf 84' lang='lat' dir='ltr'>filius</span> <span class='ocrx_word' id='word_1_143' title='bbox 1365 1582 1406 1618; x_wconf 83' lang='lat' dir='ltr'>et</span> <span class='ocrx_word' id='word_1_144' title='bbox 1443 1576 1578 1619; x_wconf 71' lang='lat' dir='ltr'>haeres</span> <span class='ocrx_word' id='word_1_145' title='bbox 1617 1578 1894 1633; x_wconf 87' lang='lat' dir='ltr'>propinquior</span> <span class='ocrx_word' id='word_1_146' title='bbox 1934 1579 2113 1634; x_wconf 76' lang='lat' dir='ltr'>predicti</span> 
     </span>
     <span class='ocr_line' id='line_1_15' title="bbox 162 1666 1333 1722; baseline 0 -13"><span class='ocrx_word' id='word_1_147' title='bbox 162 1666 396 1710; x_wconf 68' lang='lat' dir='ltr'>Gmmmn</span> <span class='ocrx_word' id='word_1_148' title='bbox 420 1666 559 1708; x_wconf 70' lang='lat' dir='ltr'>aetatis</span> <span class='ocrx_word' id='word_1_149' title='bbox 581 1666 825 1721; x_wconf 86' lang='lat' dir='ltr'>quindecim</span> <span class='ocrx_word' id='word_1_150' title='bbox 845 1681 1055 1710; x_wconf 79' lang='lat' dir='ltr'>annorum</span> <span class='ocrx_word' id='word_1_151' title='bbox 1076 1669 1117 1709; x_wconf 91' lang='lat' dir='ltr'>et</span> <span class='ocrx_word' id='word_1_152' title='bbox 1138 1667 1333 1722; x_wconf 79' lang='lat' dir='ltr'>amplius.</span> 
     </span>
    </p>

    <p class='ocr_par' dir='ltr' id='par_1_3' title="bbox 157 1756 2114 2632">
     <span class='ocr_line' id='line_1_16' title="bbox 218 1756 2114 1815; baseline 0.002 -15"><span class='ocrx_word' id='word_1_153' title='bbox 218 1757 372 1800; x_wconf 74' lang='lat' dir='ltr'>Altera</span> <span class='ocrx_word' id='word_1_154' title='bbox 393 1757 624 1813; x_wconf 77' lang='lat' dir='ltr'>Inquisitio</span> <span class='ocrx_word' id='word_1_155' title='bbox 645 1764 768 1813; x_wconf 83' lang='lat' dir='ltr'>capta</span> <span class='ocrx_word' id='word_1_156' title='bbox 789 1758 857 1799; x_wconf 90' lang='lat' dir='ltr'>die</span> <span class='ocrx_word' id='word_1_157' title='bbox 874 1757 1078 1800; x_wconf 81' lang='lat' dir='ltr'>Mercurii</span> <span class='ocrx_word' id='word_1_158' title='bbox 1094 1756 1262 1800; x_wconf 78' lang='lat' dir='ltr'>Sanotae</span> <span class='ocrx_word' id='word_1_159' title='bbox 1279 1758 1408 1800; x_wconf 79' lang='lat' dir='ltr'>F11&gt;1s</span> <span class='ocrx_word' id='word_1_160' title='bbox 1422 1758 1602 1815; x_wconf 83' lang='lat' dir='ltr'>virginis</span> <span class='ocrx_word' id='word_1_161' title='bbox 1617 1774 1728 1801; x_wconf 85' lang='lat' dir='ltr'>anno</span> <span class='ocrx_word' id='word_1_162' title='bbox 1745 1763 1890 1802; x_wconf 79' lang='lat' dir='ltr'>octavo</span> <span class='ocrx_word' id='word_1_163' title='bbox 1907 1759 2114 1803; x_wconf 82' lang='lat' dir='ltr'>HENRICI</span> 
     </span>
     <span class='ocr_line' id='line_1_17' title="bbox 164 1847 2114 1907; baseline 0.002 -17"><span class='ocrx_word' id='word_1_164' title='bbox 164 1849 306 1904; x_wconf 89' lang='lat' dir='ltr'>quinti</span> <span class='ocrx_word' id='word_1_165' title='bbox 338 1849 385 1891; x_wconf 89' lang='lat' dir='ltr'>in</span> <span class='ocrx_word' id='word_1_166' title='bbox 421 1848 626 1891; x_wconf 81' lang='lat' dir='ltr'>comitatu</span> <span class='ocrx_word' id='word_1_167' title='bbox 661 1847 982 1891; x_wconf 77' lang='lat' dir='ltr'>GLOUCESTRIAE</span> <span class='ocrx_word' id='word_1_168' title='bbox 1017 1851 1060 1891; x_wconf 89' lang='lat' dir='ltr'>et</span> <span class='ocrx_word' id='word_1_169' title='bbox 1100 1848 1304 1891; x_wconf 85' lang='lat' dir='ltr'>Marehiis</span> <span class='ocrx_word' id='word_1_170' title='bbox 1338 1849 1547 1892; x_wconf 80' lang='lat' dir='ltr'>WALLIAE</span> <span class='ocrx_word' id='word_1_171' title='bbox 1586 1856 1680 1906; x_wconf 87' lang='lat' dir='ltr'>post</span> <span class='ocrx_word' id='word_1_172' title='bbox 1715 1854 1896 1893; x_wconf 87' lang='lat' dir='ltr'>mortem</span> <span class='ocrx_word' id='word_1_173' title='bbox 1936 1852 2114 1907; x_wconf 82' lang='lat' dir='ltr'>predicti</span> 
     </span>
     <span class='ocr_line' id='line_1_18' title="bbox 163 1938 2114 1985; baseline 0.002 -3"><span class='ocrx_word' id='word_1_174' title='bbox 163 1939 399 1983; x_wconf 76' lang='lat' dir='ltr'><strong>GUILELMI</strong></span> <span class='ocrx_word' id='word_1_175' title='bbox 431 1939 628 1982; x_wconf 79' lang='lat' dir='ltr'><strong>GAMAGE</strong></span> <span class='ocrx_word' id='word_1_176' title='bbox 660 1938 845 1981; x_wconf 79' lang='lat' dir='ltr'>ehivaler</span> <span class='ocrx_word' id='word_1_177' title='bbox 877 1973 885 1980; x_wconf 93' lang='lat'><strong>.</strong></span> <span class='ocrx_word' id='word_1_178' title='bbox 918 1940 1057 1981; x_wconf 86' lang='lat' dir='ltr'>tenuit</span> <span class='ocrx_word' id='word_1_179' title='bbox 1087 1939 1325 1982; x_wconf 85' lang='lat' dir='ltr'>manerium</span> <span class='ocrx_word' id='word_1_180' title='bbox 1356 1941 1409 1983; x_wconf 87' lang='lat' dir='ltr'>de</span> <span class='ocrx_word' id='word_1_181' title='bbox 1439 1940 1719 1982; x_wconf 80' lang='lat' dir='ltr'><strong>NEWCASTLE</strong></span> <span class='ocrx_word' id='word_1_182' title='bbox 1745 1941 1986 1984; x_wconf 86' lang='lat' dir='ltr'>Hundredo</span> <span class='ocrx_word' id='word_1_183' title='bbox 2018 1958 2114 1985; x_wconf 86' lang='lat' dir='ltr'>eum</span> 
     </span>
     <span class='ocr_line' id='line_1_19' title="bbox 161 2029 2113 2086; baseline 0.002 -14"><span class='ocrx_word' id='word_1_184' title='bbox 161 2029 430 2086; x_wconf 74' lang='lat' dir='ltr'>pertinentiis</span> <span class='ocrx_word' id='word_1_185' title='bbox 452 2030 499 2071; x_wconf 93' lang='lat' dir='ltr'>in</span> <span class='ocrx_word' id='word_1_186' title='bbox 529 2029 734 2071; x_wconf 85' lang='lat' dir='ltr'>Marchiis</span> <span class='ocrx_word' id='word_1_187' title='bbox 750 2029 959 2073; x_wconf 80' lang='lat' dir='ltr'><strong>WALLIAE</strong></span> <span class='ocrx_word' id='word_1_188' title='bbox 980 2030 1092 2072; x_wconf 86' lang='lat' dir='ltr'>dieto</span> <span class='ocrx_word' id='word_1_189' title='bbox 1114 2030 1335 2072; x_wconf 80' lang='lat' dir='ltr'>comitatui</span> <span class='ocrx_word' id='word_1_190' title='bbox 1361 2030 1658 2086; x_wconf 84' lang='lat' dir='ltr'>adjacentibus</span> <span class='ocrx_word' id='word_1_191' title='bbox 1692 2030 1773 2074; x_wconf 88' lang='lat' dir='ltr'>sibi</span> <span class='ocrx_word' id='word_1_192' title='bbox 1801 2036 1843 2074; x_wconf 87' lang='lat' dir='ltr'>et</span> <span class='ocrx_word' id='word_1_193' title='bbox 1874 2032 2113 2076; x_wconf 74' lang='lat' dir='ltr'>haeredibus</span> 
     </span>
     <span class='ocr_line' id='line_1_20' title="bbox 160 2120 2111 2177; baseline 0.001 -13"><span class='ocrx_word' id='word_1_194' title='bbox 160 2122 213 2164; x_wconf 88' lang='lat' dir='ltr'>de</span> <span class='ocrx_word' id='word_1_195' title='bbox 226 2136 396 2177; x_wconf 90' lang='lat' dir='ltr'>corpore</span> <span class='ocrx_word' id='word_1_196' title='bbox 410 2136 484 2163; x_wconf 85' lang='lat' dir='ltr'>suo</span> <span class='ocrx_word' id='word_1_197' title='bbox 498 2120 752 2163; x_wconf 86' lang='lat' dir='ltr'>exeuntibus</span> <span class='ocrx_word' id='word_1_198' title='bbox 766 2123 936 2163; x_wconf 86' lang='lat' dir='ltr'>tentum</span> <span class='ocrx_word' id='word_1_199' title='bbox 952 2122 1004 2163; x_wconf 88' lang='lat' dir='ltr'>de</span> <span class='ocrx_word' id='word_1_200' title='bbox 1019 2120 1224 2163; x_wconf 81' lang='lat' dir='ltr'><strong>RICARDO</strong></span> <span class='ocrx_word' id='word_1_201' title='bbox 1240 2122 1292 2163; x_wconf 94' lang='lat' dir='ltr'>de</span> <span class='ocrx_word' id='word_1_202' title='bbox 1305 2121 1594 2164; x_wconf 75' lang='lat' dir='ltr'><strong>BEAUCHAMP</strong></span> <span class='ocrx_word' id='word_1_203' title='bbox 1611 2122 1762 2164; x_wconf 87' lang='lat' dir='ltr'>comite</span> <span class='ocrx_word' id='word_1_204' title='bbox 1777 2121 2111 2166; x_wconf 82' lang='lat' dir='ltr'>WYGORNIENSI</span> 
     </span>
     <span class='ocr_line' id='line_1_21' title="bbox 157 2211 2111 2270; baseline 0.001 -15"><span class='ocrx_word' id='word_1_205' title='bbox 157 2212 362 2255; x_wconf 87' lang='lat' dir='ltr'>Dominio</span> <span class='ocrx_word' id='word_1_206' title='bbox 375 2212 414 2254; x_wconf 87' lang='lat' dir='ltr'>le</span> <span class='ocrx_word' id='word_1_207' title='bbox 427 2211 697 2254; x_wconf 76' lang='lat' dir='ltr'>DESPENSER</span> <span class='ocrx_word' id='word_1_208' title='bbox 713 2214 756 2254; x_wconf 92' lang='lat' dir='ltr'>et</span> <span class='ocrx_word' id='word_1_209' title='bbox 771 2212 1048 2254; x_wconf 80' lang='lat' dir='ltr'>BERGAVENI</span> <span class='ocrx_word' id='word_1_210' title='bbox 1065 2227 1140 2267; x_wconf 89' lang='lat' dir='ltr'>per</span> <span class='ocrx_word' id='word_1_211' title='bbox 1156 2213 1375 2254; x_wconf 86' lang='lat' dir='ltr'>servitium</span> <span class='ocrx_word' id='word_1_212' title='bbox 1396 2213 1580 2255; x_wconf 83' lang='lat' dir='ltr'>militare</span> <span class='ocrx_word' id='word_1_213' title='bbox 1602 2216 1645 2255; x_wconf 88' lang='lat' dir='ltr'>et</span> <span class='ocrx_word' id='word_1_214' title='bbox 1660 2214 1712 2255; x_wconf 89' lang='lat' dir='ltr'>de</span> <span class='ocrx_word' id='word_1_215' title='bbox 1733 2213 1899 2256; x_wconf 83' lang='lat' dir='ltr'>duabus</span> <span class='ocrx_word' id='word_1_216' title='bbox 1918 2214 2111 2270; x_wconf 85' lang='lat' dir='ltr'>partibus</span> 
     </span>
     <span class='ocr_line' id='line_1_22' title="bbox 159 2301 2108 2360; baseline 0.001 -14"><span class='ocrx_word' id='word_1_217' title='bbox 159 2303 339 2346; x_wconf 86' lang='lat' dir='ltr'>manerii</span> <span class='ocrx_word' id='word_1_218' title='bbox 360 2304 413 2345; x_wconf 90' lang='lat' dir='ltr'>de</span> <span class='ocrx_word' id='word_1_219' title='bbox 435 2302 670 2346; x_wconf 88' lang='lat' dir='ltr'>Westende</span> <span class='ocrx_word' id='word_1_220' title='bbox 691 2303 743 2344; x_wconf 90' lang='lat' dir='ltr'>de</span> <span class='ocrx_word' id='word_1_221' title='bbox 765 2301 1040 2354; x_wconf 84' lang='lat' dir='ltr'>CALDECOTE,</span> <span class='ocrx_word' id='word_1_222' title='bbox 1064 2318 1160 2345; x_wconf 88' lang='lat' dir='ltr'>cum</span> <span class='ocrx_word' id='word_1_223' title='bbox 1181 2303 1448 2358; x_wconf 84' lang='lat' dir='ltr'>pertinentiis</span> <span class='ocrx_word' id='word_1_224' title='bbox 1477 2303 1523 2344; x_wconf 91' lang='lat' dir='ltr'>in</span> <span class='ocrx_word' id='word_1_225' title='bbox 1551 2303 1755 2345; x_wconf 80' lang='lat' dir='ltr'>Marohiis</span> <span class='ocrx_word' id='word_1_226' title='bbox 1785 2303 1992 2348; x_wconf 78' lang='lat' dir='ltr'>WALLIAE</span> <span class='ocrx_word' id='word_1_227' title='bbox 2013 2320 2108 2360; x_wconf 83' lang='lat' dir='ltr'>quae</span> 
     </span>
     <span class='ocr_line' id='line_1_23' title="bbox 160 2392 2106 2451; baseline 0 -14"><span class='ocrx_word' id='word_1_228' title='bbox 160 2396 257 2437; x_wconf 88' lang='lat' dir='ltr'>duae</span> <span class='ocrx_word' id='word_1_229' title='bbox 277 2397 417 2450; x_wconf 77' lang='lat' dir='ltr'>pa1tes</span> <span class='ocrx_word' id='word_1_230' title='bbox 437 2396 638 2436; x_wconf 85' lang='lat' dir='ltr'>tenentur</span> <span class='ocrx_word' id='word_1_231' title='bbox 653 2393 705 2436; x_wconf 86' lang='lat' dir='ltr'>de</span> <span class='ocrx_word' id='word_1_232' title='bbox 719 2392 841 2449; x_wconf 84' lang='lat' dir='ltr'>Rege</span> <span class='ocrx_word' id='word_1_233' title='bbox 862 2393 907 2435; x_wconf 90' lang='lat' dir='ltr'>in</span> <span class='ocrx_word' id='word_1_234' title='bbox 924 2393 1061 2448; x_wconf 84' lang='lat' dir='ltr'>eapite</span> <span class='ocrx_word' id='word_1_235' title='bbox 1076 2408 1151 2449; x_wconf 87' lang='lat' dir='ltr'>per</span> <span class='ocrx_word' id='word_1_236' title='bbox 1167 2393 1386 2436; x_wconf 87' lang='lat' dir='ltr'>servitium</span> <span class='ocrx_word' id='word_1_237' title='bbox 1406 2394 1603 2446; x_wconf 83' lang='lat' dir='ltr'>militare,</span> <span class='ocrx_word' id='word_1_238' title='bbox 1626 2396 1702 2437; x_wconf 89' lang='lat' dir='ltr'>etc.</span> <span class='ocrx_word' id='word_1_239' title='bbox 1756 2394 1875 2437; x_wconf 90' lang='lat' dir='ltr'>Obiit</span> <span class='ocrx_word' id='word_1_240' title='bbox 1894 2394 1941 2436; x_wconf 88' lang='lat' dir='ltr'>in</span> <span class='ocrx_word' id='word_1_241' title='bbox 1957 2395 2106 2451; x_wconf 84' lang='lat' dir='ltr'>vigih&#39;a</span> 
     </span>
     <span class='ocr_line' id='line_1_24' title="bbox 159 2484 2106 2540; baseline 0 -11"><span class='ocrx_word' id='word_1_242' title='bbox 159 2485 306 2529; x_wconf 81' lang='lat' dir='ltr'>Sancti</span> <span class='ocrx_word' id='word_1_243' title='bbox 327 2486 661 2528; x_wconf 70' lang='lat' dir='ltr'>BARTHonoMm</span> <span class='ocrx_word' id='word_1_244' title='bbox 684 2485 866 2540; x_wconf 84' lang='lat' dir='ltr'>apostoli</span> <span class='ocrx_word' id='word_1_245' title='bbox 886 2484 1039 2527; x_wconf 68' lang='lat' dir='ltr'>ultimo</span> <span class='ocrx_word' id='word_1_246' title='bbox 1070 2485 1272 2540; x_wconf 85' lang='lat' dir='ltr'>preterita</span> <span class='ocrx_word' id='word_1_247' title='bbox 1303 2488 1346 2526; x_wconf 88' lang='lat' dir='ltr'>et</span> <span class='ocrx_word' id='word_1_248' title='bbox 1377 2484 1568 2527; x_wconf 55' lang='lat' dir='ltr'>Tuom-s</span> <span class='ocrx_word' id='word_1_249' title='bbox 1598 2489 1661 2527; x_wconf 86' lang='lat' dir='ltr'>est</span> <span class='ocrx_word' id='word_1_250' title='bbox 1692 2485 1806 2528; x_wconf 79' lang='lat' dir='ltr'>filius</span> <span class='ocrx_word' id='word_1_251' title='bbox 1837 2488 1879 2528; x_wconf 87' lang='lat' dir='ltr'>et</span> <span class='ocrx_word' id='word_1_252' title='bbox 1908 2486 2042 2528; x_wconf 86' lang='lat' dir='ltr'>haeres</span> <span class='ocrx_word' id='word_1_253' title='bbox 2063 2489 2106 2529; x_wconf 88' lang='lat' dir='ltr'>et</span> 
     </span>
     <span class='ocr_line' id='line_1_25' title="bbox 159 2575 2107 2632; baseline 0 -13"><span class='ocrx_word' id='word_1_254' title='bbox 159 2577 246 2620; x_wconf 85' lang='lat' dir='ltr'>fuit</span> <span class='ocrx_word' id='word_1_255' title='bbox 275 2577 414 2619; x_wconf 78' lang='lat' dir='ltr'>estatis</span> <span class='ocrx_word' id='word_1_256' title='bbox 440 2576 640 2619; x_wconf 86' lang='lat' dir='ltr'>undecim</span> <span class='ocrx_word' id='word_1_257' title='bbox 670 2591 879 2618; x_wconf 81' lang='lat' dir='ltr'>annorum</span> <span class='ocrx_word' id='word_1_258' title='bbox 909 2576 954 2617; x_wconf 92' lang='lat' dir='ltr'>in</span> <span class='ocrx_word' id='word_1_259' title='bbox 986 2575 1114 2618; x_wconf 85' lang='lat' dir='ltr'>Festo</span> <span class='ocrx_word' id='word_1_260' title='bbox 1146 2575 1350 2618; x_wconf 89' lang='lat' dir='ltr'>Omnium</span> <span class='ocrx_word' id='word_1_261' title='bbox 1381 2575 1633 2618; x_wconf 83' lang='lat' dir='ltr'>Sanctorum</span> <span class='ocrx_word' id='word_1_262' title='bbox 1663 2576 1815 2619; x_wconf 88' lang='lat' dir='ltr'>ultimo</span> <span class='ocrx_word' id='word_1_263' title='bbox 1842 2577 2042 2632; x_wconf 90' lang='lat' dir='ltr'>preterito</span> <span class='ocrx_word' id='word_1_264' title='bbox 2063 2579 2107 2619; x_wconf 88' lang='lat' dir='ltr'>et</span> 
     </span>
    </p>
   </div>
   <div class='ocr_carea' id='block_1_3' title="bbox 156 2668 459 2724">
    <p class='ocr_par' dir='ltr' id='par_1_4' title="bbox 156 2668 459 2724">
     <span class='ocr_line' id='line_1_26' title="bbox 156 2668 459 2724; baseline 0 -14"><span class='ocrx_word' id='word_1_265' title='bbox 156 2683 244 2711; x_wconf 93' lang='lat' dir='ltr'>non</span> <span class='ocrx_word' id='word_1_266' title='bbox 265 2668 459 2724; x_wconf 83' lang='lat' dir='ltr'>amplius.</span> 
     </span>
    </p>
   </div>
   <div class='ocr_carea' id='block_1_4' title="bbox 1885 2757 1892 2779">
    <p class='ocr_par' dir='ltr' id='par_1_5' title="bbox 1885 2757 1892 2779">
     <span class='ocr_line' id='line_1_27' title="bbox 1885 2757 1892 2779; baseline 0 0"><span class='ocrx_word' id='word_1_267' title='bbox 1885 2757 1892 2779; x_wconf 90' lang='lat' dir='ltr'><em>l</em></span> 
     </span>
    </p>
   </div>
  </div>
 </body>
</html>
