2386 3645
1892 262 2000 304 1413

117 462 352 518 specialiter
392 461 678 518 tangentibus.
760 460 820 503 Et
859 461 912 503 de
952 461 1149 503 omnibus
1187 462 1313 504 rebus
1346 463 1461 505 intra
1500 464 1739 508 libertatem
1780 468 1876 511 ville
1916 474 2056 511 nostre

116 552 303 608 predicte
322 552 447 594 factis
467 551 652 608 prefatos
675 550 906 607 burgenses
935 555 1178 594 tenementa
1209 559 1251 595 et
1281 553 1434 595 catalla
1464 569 1609 597 eorum
1638 558 1913 612 tangentibus
1943 561 2056 602 unde

116 642 338 698 inquisicio
359 642 452 698 capi
473 641 624 685 debeat
644 642 758 698 quod
787 642 863 684 illa
891 642 1114 698 inquisicio
1145 642 1198 685 sit
1229 644 1458 686 terminata
1487 660 1563 700 per
1589 646 1835 690 intrinsecos
1865 649 2056 705 ejusdem

117 733 218 775 ville
238 736 281 776 et
299 748 386 776 non
409 748 484 789 per
503 732 620 775 alios

176 823 466 867 Concessimus
485 823 658 878 insuper
678 822 838 865 eisdem
858 822 1140 879 burgensibus
1159 825 1314 867 nostris
1335 827 1448 881 quod
1468 826 1549 882 ipsi
1569 841 1645 869 nec
1675 827 1847 870 heredes
1877 829 1942 871 sui
1972 844 2059 872 esse

117 929 204 957 non
225 914 408 956 debeant
427 916 661 969 receptores
681 913 952 956 denariorum
973 918 1212 957 nostrorum
1233 916 1315 958 nisi
1335 919 1505 959 tantum
1526 918 1578 959 de
1605 918 1789 960 denariis
1810 919 2060 962 exeuntibus

118 1004 171 1046 de
190 1003 365 1046 ballivia
384 1003 621 1060 prepositus
641 1003 741 1045 ville
762 1007 903 1046 nostre
923 1004 1109 1059 predicte
1131 1020 1207 1048 nec
1236 1006 1438 1063 distringi
1467 1006 1650 1050 debeant
1679 1009 1734 1050 ad
1762 1008 1889 1051 blada
1918 1025 2061 1052 carnes

117 1095 218 1137 vina
238 1109 312 1137 seu
332 1094 417 1136 alia
437 1094 639 1136 victualia
659 1098 803 1137 nostra
824 1097 970 1137 contra
990 1110 1135 1138 eorum
1157 1097 1423 1140 voluntatem
1442 1099 1669 1141 emendum
1690 1100 1762 1141 sed
1793 1100 1907 1155 quod
1939 1100 2061 1143 liberi

117 1186 202 1228 sint
237 1200 312 1242 per
346 1185 563 1228 libertates
594 1200 739 1228 eorum
776 1187 955 1228 vendere
991 1188 1134 1229 omnia
1169 1203 1251 1243 que
1282 1187 1442 1232 habent
1481 1191 1706 1232 vendenda
1746 1191 1981 1247 cuicunque
2021 1196 2063 1234 et

124 1276 444 1333 quibuscunque
465 1279 509 1319 et
530 1290 614 1332 quo
633 1279 825 1332 tempore
846 1277 1060 1320 voluerint
1079 1277 1236 1334 absque
1258 1279 1400 1335 aliquo
1420 1280 1738 1336 impedimento.

176 1368 376 1410 Preterea
396 1368 674 1410 concessimus
693 1368 871 1424 prefatis
891 1367 1173 1424 burgensibus
1193 1371 1325 1412 nostri
1346 1372 1460 1426 quod
1486 1371 1568 1427 ipsi
1592 1376 1634 1414 et
1655 1372 1828 1415 heredes
1849 1373 1914 1415 sui
1934 1373 2066 1416 libere

115 1459 258 1515 legare
278 1463 448 1515 possent
469 1458 613 1500 omnia
632 1458 844 1515 burgagia
865 1474 940 1501 sua
960 1474 1034 1515 per
1054 1460 1164 1515 ipsos
1185 1461 1398 1516 adquisita
1418 1465 1508 1504 tam
1528 1463 1581 1505 de
1602 1464 1856 1505 tenementis
1869 1479 1997 1519 quam
2013 1465 2065 1507 de

116 1548 354 1592 redditibus
373 1549 608 1604 cuicunque
630 1552 673 1591 et
693 1548 1014 1605 quibuscunque
1034 1551 1247 1593 voluerint
1269 1553 1322 1594 ad
1343 1552 1609 1595 voluntatem
1629 1554 1828 1609 ipsorum.

175 1641 237 1683 Et
257 1642 372 1697 quod
399 1641 530 1683 iidem
560 1640 792 1695 burgenses
818 1642 953 1683 nostri
981 1642 1181 1698 distringi
1208 1658 1294 1685 non
1322 1643 1506 1686 debeant
1534 1645 1648 1687 exire
1678 1645 1875 1701 antiquas
1902 1645 2067 1689 bundas

115 1732 325 1775 libertatis
346 1731 447 1774 ville
467 1732 654 1788 predicte
676 1735 823 1774 contra
844 1747 989 1775 eorum
1010 1733 1275 1776 voluntatem
1296 1735 1349 1776 ad
1370 1735 1543 1790 aliquod
1563 1735 1822 1778 faciendum.
1884 1736 1945 1780 Et
1960 1737 2065 1780 tales

116 1826 217 1866 sunt
237 1822 381 1865 bunde
403 1822 611 1865 libertatis
632 1837 778 1865 eorum
799 1823 996 1866 videlicet
1015 1823 1127 1866 inter
1146 1825 1286 1867 locum
1310 1830 1506 1868 vocatum
1536 1826 1764 1869 Nswmcn
1792 1830 1834 1869 et
1855 1827 2062 1870 TADDUL-

117 1929 270 1957 CROSSE
299 1917 341 1956 et
369 1915 586 1970 quandam
617 1914 798 1956 divisam
828 1915 1053 1957 ducentem
1084 1916 1135 1957 de
1167 1915 1396 1958 NEwmcH
1423 1932 1557 1973 usque
1585 1916 1930 1960 TADDULCROSSE
1955 1919 2066 1961 inter

115 2009 273 2049 terram
293 2005 493 2048 abbathie
515 2006 567 2047 de
589 2005 798 2047 MARGAM
820 2009 863 2048 et
875 2009 1032 2048 terram
1048 2005 1248 2049 abbathie
1264 2008 1315 2049 de
1338 2007 1659 2050 'PEOKESBURIE
1675 2009 1720 2050 in
1734 2013 1853 2065 parte
1870 2009 2066 2052 orientali

113 2100 156 2139 et
180 2097 394 2152 quendam
418 2096 606 2138 rivulum
640 2100 836 2138 vocatum
869 2096 1126 2139 BLAKLAAK
1163 2097 1237 2153 qui
1271 2098 1432 2140 solebat
1464 2114 1627 2142 currere
1656 2101 1709 2142 de
1745 2115 1855 2155 aqua
1887 2100 2064 2142 australi

115 2202 248 2242 usque
269 2201 424 2242 aquam
444 2186 648 2229 borialem
669 2187 721 2228 de
743 2186 940 2229 KENFEG
961 2187 1006 2229 in
1038 2194 1158 2243 parte
1185 2188 1435 2230 occidentali
1460 2192 1502 2232 et
1529 2190 1758 2232 medietate
1783 2206 1927 2233 cursus
1956 2206 2064 2246 aque

114 2279 167 2320 de
188 2277 385 2320 KENFEG
406 2278 452 2319 in
480 2282 600 2332 parte
630 2276 781 2319 boriali
812 2292 837 2319 a
865 2277 1235 2320 HOWLOTESFORD
1265 2279 1472 2322 currentis
1491 2280 1546 2322 ad
1566 2295 1681 2322 mare
1703 2284 1745 2322 et
1765 2281 1929 2337 regiam
1949 2281 2062 2323 viam

116 2369 341 2410 ducentem
361 2369 413 2410 de
434 2367 778 2410 TADDULCROSSE
800 2369 855 2410 ad
876 2383 1041 2410 crucem
1061 2371 1104 2411 et
1131 2369 1189 2410 sic
1209 2370 1261 2412 de
1287 2369 1399 2412 dicta
1424 2385 1543 2413 cruce
1567 2385 1700 2426 usque
1725 2371 1981 2413 BLAKLAAK
2015 2372 2060 2413 in

115 2462 234 2515 parte
256 2458 444 2501 australi.
505 2458 565 2500 Et
587 2459 701 2513 quod
722 2459 867 2502 nullus
887 2462 1114 2502 extraneus
1134 2464 1254 2502 extra
1274 2461 1491 2504 nundinas
1511 2462 1579 2504 vel
1598 2462 1740 2504 forum
1760 2462 1875 2504 infra
1896 2462 2062 2504 bundas

114 2550 323 2605 predictas
343 2548 508 2604 aliquas
527 2548 840 2591 merchandisas
861 2550 913 2591 de
930 2550 1072 2605 aliquo
1088 2554 1288 2593 extraneo
1302 2555 1416 2593 emat
1430 2551 1512 2593 nisi
1526 2555 1696 2594 tantum
1712 2553 1764 2594 de
1779 2552 2059 2608 burgensibus

116 2640 270 2682 nostris
299 2639 492 2695 ejusdem
517 2642 657 2694 preter
685 2639 867 2695 gentiles
895 2639 1086 2682 homines
1116 2641 1168 2683 de
1202 2640 1565 2684 GLAMORGANCIA
1598 2648 1639 2684 et
1680 2642 1954 2684 MORGANCIA
1986 2658 2062 2699 pro

122 2729 393 2772 victulalibus
438 2745 583 2772 eorum
626 2735 668 2771 et
704 2745 790 2772 non
832 2731 998 2773 racione
1038 2730 1338 2774 merchandise.
1400 2731 1446 2775 N
1448 2748 1493 2775 ec
1531 2732 1684 2788 aliquis
1722 2735 1864 2775 teneat
1904 2733 2064 2793 sueldam

115 2823 305 2876 apertam
325 2821 378 2862 de
406 2818 617 2874 aliquibus
646 2820 947 2863 merchandisis
976 2836 1052 2863 nec
1081 2821 1303 2864 tabernam
1333 2837 1409 2865 nec
1437 2823 1526 2865 corf
1554 2823 1682 2866 faciet
1711 2823 1757 2865 in
1784 2823 1888 2865 villa
1918 2827 2060 2866 nostra

111 2912 301 2966 predicta
321 2910 404 2952 nisi
424 2910 556 2952 fuerit
576 2925 672 2952 cum
692 2911 892 2966 predictis
911 2911 1194 2967 burgensibus
1213 2913 1368 2955 nostris
1387 2913 1545 2955 letatus
1567 2917 1608 2955 et
1640 2917 1848 2956 escotatus
1877 2920 1918 2956 et
1947 2914 2061 2956 infra

116 3000 294 3056 guldam
314 3000 607 3042 mercatoriam
627 3001 815 3056 ipsorum
834 3005 1038 3058 receptus.
