2386 3645
327 254 439 295 1566

265 461 480 515 quondam
500 460 641 503 tenuit
661 465 703 502 et
723 461 838 516 quod
858 475 944 502 non
965 460 1211 502 extenditur
1230 460 1332 515 (11110
1351 460 1396 502 111
1426 475 1577 516 puram
1607 460 1880 502 elemosinam
1909 462 2092 512 tenetur,
2123 460 2206 502 tria

268 552 395 594 feoda
414 552 563 594 militis
584 554 625 594 et
644 552 918 594 medietatem
948 552 1063 594 feodi
1093 552 1219 594 unius
1247 552 1398 593 militis
1427 552 1473 594 in
1503 551 1675 594 SANc'ro
1698 551 1920 593 TATHONA
1945 565 2026 606 que
2056 552 2110 593 ad
2137 554 2211 594 xli.

267 644 558 685 extenduntur
592 658 668 699 per
700 658 863 685 annum
893 657 989 684 cum
1024 642 1323 695 accidentibus,
1366 643 1639 685 medietatem
1678 642 1793 684 feodi
1829 642 1956 684 unius
1986 642 2135 684 militis
2164 642 2209 684 111

272 732 444 775 SANCTO
460 733 682 775 TATHONA
698 748 827 789 quam
843 732 1121 789 mmmmm]
1142 733 1194 774 de
1214 732 1470 787 NEREBERD
1487 734 1702 788 quondam
1723 732 1864 774 tenuit
1883 735 1926 774 et
1946 747 2027 788 que
2047 733 2102 775 ad
2122 747 2212 775 Lxs.

269 824 515 866 extenditur
534 839 609 880 per
629 839 790 866 annum
812 839 907 866 cum
929 823 1227 875 accidentibus,
1248 823 1424 865 feodum
1439 824 1567 865 unius
1586 823 1735 865 militis
1754 823 1801 865 in
1821 822 2080 865 LYSWRYNY
2101 824 2214 879 quod

264 914 443 958 Pmums
473 915 513 957 le
543 915 673 958 VEEL
704 916 920 970 quondam
949 915 1090 956 tenuit
1120 916 1161 956 et
1192 915 1305 970 quod
1327 915 1382 955 ad
1412 917 1516 956 xvli.
1540 914 1786 956 extenditur
1815 929 1890 970 per
1919 929 2081 956 annum
2113 929 2210 957 011111

267 1005 567 1059 accidentibus,
590 1009 754 1048 sextam
783 1009 947 1061 partem
977 1005 1092 1047 feodi
1122 1005 1250 1047 unius
1280 1005 1429 1047 militis
1458 1005 1504 1046 in
1535 1004 1814 1047 LANYLTWH
1845 1019 1975 1060 quam
1995 1004 2213 1047 MICHAEL

270 1096 423 1139 TUSER
453 1098 669 1153 quondam
698 1097 838 1139 tenuit
868 1101 910 1138 et
951 1112 1033 1152 que
1064 1097 1118 1138 ad
1158 1111 1252 1138 xxa
1290 1095 1536 1137 extenditur
1565 1111 1640 1151 per
1670 1111 1832 1138 annum
1862 1111 1958 1138 cum
1989 1096 2215 1139 accidenti-

268 1187 361 1241 bus,
393 1188 653 1243 Serjentiam
674 1203 804 1243 quam
825 1188 1041 1229 PAGANUS
1066 1187 1364 1230 TURBEvaLL
1385 1188 1601 1242 quondam
1621 1187 1762 1229 tenuit
1781 1188 1896 1243 apud
1918 1186 2083 1229 Cowmv
2117 1220 2126 1229 .
2160 1221 2169 1229 .

268 1370 469 1413 Aceciam
491 1371 810 1412 advocationem
841 1370 1010 1412 ecclesie
1041 1371 1093 1412 de
1123 1369 1438 1411 LANTRISSANT
1467 1369 1513 1410 in
1543 1368 1742 1411 MESKYN
1774 1384 1855 1424 que
1886 1370 1940 1411 ad
1962 1383 2032 1412 Lx.
2056 1384 2218 1412 marcas

267 1461 513 1503 extenditur
532 1476 608 1516 per
630 1476 792 1503 annum
813 1476 909 1502 cum
930 1460 1231 1512 accidentibus,
1254 1461 1573 1502 advocationem
1595 1460 1764 1503 ecclesie
1785 1461 1838 1502 de
1865 1460 2090 1502 MERTHIR
2111 1461 2216 1503 alias

269 1553 381 1595 dicte
402 1552 625 1595 MORTHIR
646 1567 727 1607 que
748 1553 803 1594 ad
824 1566 877 1594 03.
902 1552 1148 1594 extenditur
1168 1567 1243 1607 per
1263 1566 1425 1593 annum
1447 1566 1543 1593 cum
1565 1551 1866 1603 accidentibus,
1898 1551 2218 1594 advocationem

267 1643 437 1685 ecclesie
459 1644 510 1685 de
532 1642 708 1685 THAWE
730 1658 811 1698 que
827 1643 882 1684 ad
903 1657 956 1684 cs.
980 1643 1175 1685 extendit
1193 1658 1265 1698 per
1285 1657 1448 1684 annum
1465 1657 1560 1684 cum
1576 1642 1875 1695 accidentibus,
1898 1642 2217 1685 advocationem

268 1735 437 1778 ecclesie
451 1735 502 1777 de
518 1733 852 1776 LANGWYNYTH
866 1749 947 1789 que
961 1735 1016 1776 ad
1029 1749 1103 1776 xx.
1113 1749 1274 1776 marcas
1287 1734 1532 1776 extenditur
1544 1749 1619 1790 per
1632 1749 1795 1776 annum
1809 1749 1904 1776 cum
1917 1733 2217 1786 accidentibus,

266 1826 586 1868 advocationem
599 1826 767 1868 ecclesie
781 1826 834 1868 de
847 1825 987 1868 NETH
1000 1841 1082 1881 que
1104 1826 1158 1868 ad
1174 1840 1247 1868 xx.
1270 1840 1430 1868 marcas
1452 1826 1698 1868 extenditur
1718 1840 1793 1881 per
1812 1839 1975 1867 annum
1995 1840 2092 1867 cum
2112 1824 2217 1867 acci-

269 1917 483 1970 dentibus,
503 1918 822 1960 advocationem
835 1918 1003 1960 ecclesie
1017 1918 1069 1959 de
1082 1917 1314 1959 LANHARY
1327 1933 1409 1973 que
1423 1918 1478 1959 ad
1491 1932 1533 1959 V.
1544 1932 1705 1960 marcas
1717 1916 1963 1959 extenditur
1970 1931 2044 1972 per
2056 1931 2219 1959 annum

270 2023 366 2051 011111
397 2007 698 2061 accidentibus,
730 2008 1051 2050 advocationem
1086 2008 1255 2051 abbatie
1295 2009 1348 2051 de
1382 2008 1585 2051 MORGAN
1616 2011 1659 2050 et
1689 2008 2009 2050 advocationem
2050 2007 2220 2050 ecclesie

270 2099 416 2150 nichil,
426 2103 610 2141 castrum
625 2103 667 2141 et
682 2101 922 2142 manerium
937 2101 989 2142 de
1005 2099 1289 2152 LANBLETH',
1306 2103 1490 2142 castrum
1506 2103 1549 2142 et
1563 2100 1802 2142 manerium
1818 2100 1871 2141 de
1887 2098 2110 2141 TALEUAN
2125 2113 2221 2141 cum

272 2190 411 2247 patria
450 2191 503 2232 de
543 2189 764 2232 TALEVAN
800 2195 842 2232 et
883 2191 1144 2233 LLANHARE
1179 2206 1276 2233 cum
1311 2191 1591 2246 pertinentiis,
1632 2190 1820 2247 burgum
1860 2191 1912 2232 de
1944 2189 2220 2232 OOWBRIGGE

270 2297 367 2324 cum
398 2281 680 2337 pertinentiis,
702 2282 941 2324 manerium
972 2283 1024 2324 de
1054 2282 1334 2324 LANELTWIT
1362 2297 1459 2325 cum
1479 2283 1617 2338 patria
1638 2283 1690 2324 de
1722 2281 1923 2324 RUTHYN
1943 2284 1987 2323 et
2007 2281 2101 2323 aliis
2124 2295 2220 2323 cum

270 2372 554 2428 pertinentiis,
592 2375 778 2415 castrum
810 2376 852 2415 et
892 2373 1039 2415 villam
1080 2375 1133 2416 de
1175 2373 1405 2416 KERFILLI
1446 2388 1541 2416 cum
1582 2372 1863 2428 pertinentiis,
1897 2372 2136 2414 manerium
2169 2371 2221 2414 de

269 2463 509 2506 KERFILLY
551 2479 647 2505 cum
687 2464 826 2520 patria
877 2464 1205 2507 DENGHENYTH
1246 2465 1351 2507 alias
1390 2465 1503 2506 dicta
1544 2463 1861 2506 SENGHENYTH
1911 2478 2037 2519 supra
2088 2463 2219 2506 OAGH

268 2554 552 2597 MERTHIRET
603 2554 951 2597 EGLASWBDENE
989 2557 1043 2612 (Ρ)
1095 2571 1192 2598 011111
1241 2555 1510 2612 pertinentiis
1549 2556 1602 2597 de
1643 2570 1727 2611 qua
1767 2555 1940 2610 quidem
1989 2554 2127 2610 patria
2166 2555 2219 2596 de

271 2645 567 2688 DENGENYTH
588 2645 692 2687 alias
712 2646 827 2688 dicta
847 2645 1127 2689 SENGENYTH
1149 2647 1354 2689 Fomzsu
1375 2647 1427 2688 de
1447 2645 1623 2689 SENGH'
1646 2649 1708 2688 est
1729 2645 1923 2701 parcella,
1945 2645 2154 2687 hamletta
2168 2645 2222 2687 de

275 2735 499 2778 Romam
520 2740 562 2779 et
593 2736 822 2780 LANNEDU
844 2753 939 2780 cum
960 2739 1099 2793 patria
1119 2739 1172 2781 de
1202 2738 1519 2780 SENGHENYTH
1541 2737 1690 2780 subtus
1719 2736 1850 2779 OAGH
1872 2737 1924 2778 de
1945 2751 2030 2792 qua
2050 2735 2223 2791 quidem

272 2827 412 2882 patria
445 2828 497 2868 de
535 2826 710 2869 SENGH'
739 2828 977 2870 dominium
1010 2829 1192 2870 aceciam
1218 2832 1448 2871 trescentas
1476 2843 1590 2870 acras
1622 2830 1732 2869 terre
1760 2830 1931 2869 centum
1963 2842 2078 2869 acras
2109 2826 2222 2881 prati

273 2917 496 2974 sexaginta
516 2933 632 2960 acras
652 2922 824 2974 pasture
845 2923 887 2961 et
909 2922 1080 2962 centum
1105 2920 1304 2962 solidatas
1333 2919 1524 2961 redditus
1547 2951 1797 2960 ........
1822 2932 1918 2959 011111
1953 2916 2223 2973 pertinentiis

271 3009 318 3051 in
353 3009 500 3051 eadem
536 3012 636 3051 sunt
671 3010 855 3065 parcella
887 3014 1071 3053 castrum
1104 3014 1146 3053 et
1178 3011 1416 3060 manerium
1449 3010 1567 3052 Am
1601 3008 1889 3051 MONASTERII
1925 3008 2029 3050 alias
2060 3008 2222 3050 dictum
