2386 3645
1900 320 2011 361 1437

954 653 1256 698 MLXXXII.

136 767 351 811 GRANT
387 766 474 809 BY
523 765 818 810 WILLIAM
867 764 949 806 ΑΡ
998 762 1202 806 DAVID
1252 762 1334 805 ΑΡ
1384 762 1496 806 JAO
1536 763 1612 807 ΤΟ
1654 765 1945 813 WILLIAM
1993 773 2076 815 ΑΡ

297 856 641 902 LLEWELIN
689 855 871 899 HENE
923 854 1001 898 OF
1050 854 1094 896 A
1143 853 1449 896 BURGAGE
1500 853 1572 897 IN
1622 855 1918 902 KENFFIG.

850 961 1082 1019 [MARGAM
1113 960 1369 1018 ΟΗΑΒΤΕΒ]

1311 1070 1364 1111 18
1385 1069 1495 1112 FER.
1561 1071 1580 1112 1
1605 1070 1730 1114 ΗΕΝ.
1754 1072 1835 1116 IV.
1901 1075 2022 1118 1400.

195 1180 342 1224 Sciant
360 1182 575 1236 presentes
595 1182 637 1221 et
658 1177 797 1220 futuri
817 1178 932 1233 quod
952 1192 1032 1233 ego
1053 1176 1339 1220 WILLELMUS
1353 1192 1406 1232 ap
1427 1176 1582 1219 DAvm
1603 1193 1657 1234 ap
1678 1179 1708 1222 J
1709 1193 1763 1221 Ac
1784 1181 1882 1222 dedi
1903 1184 2083 1226 concessi

137 1275 180 1314 et
208 1271 288 1313 hae
317 1270 503 1327 presenti
532 1272 647 1312 carta
676 1284 771 1311 mea
801 1268 1046 1311 confirmavi
1076 1267 1335 1312 WILLELMO
1375 1283 1429 1324 ap
1469 1267 1770 1327 LL[EWEL1N]
1806 1271 1946 1314 HENE
1976 1273 2085 1317 fflud

137 1362 398 1419 burgagium
418 1377 562 1405 meum
582 1376 679 1403 cum
706 1359 903 1403 omnibus
923 1360 1009 1402 suis
1038 1359 1310 1415 pertinenciis
1338 1359 1454 1402 infra
1483 1360 1649 1403 bundas
1679 1362 1731 1404 de
1761 1362 1942 1406 KENFF'
1974 1367 2086 1421 quod

139 1454 312 1510 quidem
340 1453 601 1510 burgagium
638 1452 868 1494 scituatum
900 1454 963 1493 est
1001 1450 1114 1493 inter
1144 1450 1405 1507 burgagium
1439 1450 1601 1494 GRIFF'
1638 1468 1690 1508 ap
1726 1452 1756 1495 J
1759 1468 1881 1496 EUAN
1916 1454 2007 1497 Goz
2037 1472 2089 1499 ex

137 1547 258 1601 parte
291 1544 487 1587 orientali
519 1546 562 1586 et
593 1542 856 1599 burgagium
887 1541 1044 1584 Dum
1077 1557 1131 1597 ap
1173 1541 1295 1584 REEs
1328 1557 1380 1584 ex
1415 1545 1535 1598 parte
1568 1543 1817 1586 occidentali
1845 1551 1888 1589 et
1917 1551 2087 1603 pratum

137 1635 370 1679 JOHANNIS
410 1634 609 1677 MARLLE
650 1649 704 1675 ex
752 1636 873 1689 parte
913 1633 1089 1675 australi
1140 1637 1180 1674 et
1221 1632 1336 1675 viam
1376 1648 1458 1689 que
1498 1634 1617 1677 ducit
1656 1650 1682 1677 a
1722 1635 1901 1678 KENFF'
1946 1653 2087 1681 versus

139 1727 383 1771 KATPY'rrE
415 1742 468 1769 ex
496 1729 617 1782 parte
647 1725 810 1768 boriali.
891 1724 1157 1767 Habendum
1197 1727 1240 1766 et
1268 1726 1503 1767 tenendum
1532 1728 1672 1769 totum
1711 1728 1949 1782 predictum
1988 1729 2085 1772 bur-

140 1818 319 1876 gagium
340 1833 437 1861 cum
458 1816 654 1860 omnibus
676 1816 761 1859 suis
781 1816 1053 1872 pertinenciis
1073 1815 1239 1871 prefato
1260 1814 1519 1858 WILLELMO
1541 1832 1594 1872 ap
1623 1816 1923 1876 LL[EWEL1N]
1946 1820 2088 1863 HENE

142 1909 369 1952 heredibus
405 1912 447 1952 et
483 1908 710 1965 assignatis
750 1907 836 1950 suis
874 1907 1041 1963 integre
1073 1906 1203 1949 libere
1244 1906 1385 1962 quiete
1427 1910 1469 1949 et
1502 1907 1673 1962 pacifice
1707 1908 1803 1964 jure
1834 1910 2088 1954 hereditario

139 2001 454 2057 imperpetuum
484 2001 537 2042 de
568 1998 820 2055 capitalibus
850 1998 1035 2040 dominis
1064 1998 1179 2040 feodi
1209 1997 1324 2040 illius
1355 2013 1429 2053 per
1459 1998 1651 2040 redditus
1691 2002 1734 2041 et
1773 2001 1947 2043 servicia
1986 2003 2086 2045 inde

140 2091 284 2134 debita
315 2095 357 2134 et
387 2092 440 2134 de
468 2091 565 2147 jure
595 2093 806 2133 consueta.
868 2089 929 2132 Et
964 2088 1086 2146 [ego]
1123 2103 1220 2131 vero
1240 2088 1454 2144 predictus
1475 2088 1760 2133 WrLLELMUS
1781 2106 1834 2146 ap
1857 2091 2012 2135 DAvn)
2034 2109 2087 2150 ap

140 2182 170 2226 J
172 2197 226 2225 Ac
265 2186 308 2225 et
346 2182 519 2224 heredes
558 2181 644 2224 mei
683 2184 823 2223 totum
863 2180 1101 2236 predictum
1148 2179 1409 2235 burgagium
1454 2194 1551 2221 cum
1591 2181 1861 2235 pertinenciis
1899 2184 2087 2238 predicto

143 2273 402 2317 WILLELMO
433 2288 486 2328 ap
511 2270 811 2329 LL[EWEL1N]
848 2270 990 2313 ΗΕΝΕ
1023 2269 1290 2327 [heredibus]
1327 2273 1369 2312 et
1399 2270 1624 2326 assignatis
1655 2272 1740 2313 suis
1771 2277 1916 2315 contra
1945 2289 2090 2318 omnes

143 2367 293 2421 gentes
331 2363 700 2406 warantizabimus
720 2367 762 2405 et
801 2362 1081 2405 defendemus
1109 2361 1435 2417 imperpetuum.
1512 2361 1569 2404 In
1599 2362 1721 2418 cujus
1749 2378 1826 2418 rey
1852 2365 1937 2420 (sio)
1971 2365 2089 2408 testi-

143 2455 335 2497 monium
355 2454 546 2511 sigillum
566 2468 710 2496 meum
730 2452 996 2509 presentibus
1025 2452 1213 2507 apposui.
1275 2451 1378 2494 Hiis
1397 2451 1576 2495 testibus
1598 2487 1606 2495 .
1631 2452 1800 2495 ΤΗΟΜΑ
1829 2454 2090 2498 SPROTELEY

143 2549 247 2588 tunc
267 2545 577 2588 constabulario
597 2544 723 2587 castri
743 2545 796 2586 de
816 2543 996 2586 KENFF’
1022 2577 1029 2584 .
1053 2542 1268 2585 HEcho
1295 2541 1562 2585 AYLEWARD
1592 2547 1748 2586 extunc
1776 2545 1963 2600 predicte
1991 2547 2090 2589 ville

143 2636 355 2691 preposito
379 2668 388 2678 .
409 2635 440 2678 J
442 2649 628 2677 oflANNE
650 2634 794 2677 MANE
815 2634 978 2676 famulo
1009 2634 1119 2675 dicte
1150 2633 1250 2674 ville
1273 2666 1282 2675 .
1308 2632 1566 2676 WILLELMO
1597 2633 1816 2676 TOUKERE
1841 2669 1849 2677 .
1872 2635 2086 2679 HENR1co

144 2727 369 2770 MONFORT
390 2730 433 2770 et
452 2727 600 2769 multis
620 2727 727 2769 aliis,

202 2818 367 2861 Datum
399 2819 514 2874 apud
546 2817 726 2860 KENFF'
762 2818 921 2860 desimo
950 2820 1097 2860 octavo
1125 2817 1194 2859 die
1220 2816 1377 2859 mensis
1398 2815 1641 2859 Ffebruarii
1669 2831 1781 2859 anno
1808 2817 1932 2873 regni
1958 2817 2091 2874 Regis

145 2907 352 2951 Remum
374 2909 516 2964 quarti
536 2912 631 2964 post
651 2912 927 2964 conquestum
948 2908 1097 2964 primo.
