2386 3645
304 253 413 294 1610

239 458 314 514 qui
348 458 394 500 in
430 459 678 515 hujusmodi
713 460 1020 502 concessionem
1059 460 1336 501 tradicionem
1369 462 1411 500 et
1447 459 1734 501 dimissionem
1773 458 2002 513 requiritur
2041 458 2180 512 sepius

239 548 460 603 prehabito
494 550 606 605 ipsas
641 550 947 592 concessionem
981 550 1257 592 tradicionem
1293 555 1335 591 et
1374 549 1662 591 dimissionem
1695 549 1772 590 sub
1813 549 1949 590 forma
1988 548 2034 589 in
2070 548 2181 590 dicto

241 638 394 694 scripto
426 642 624 682 contenta
644 640 925 696 approbamus
946 640 1203 682 ratificamus
1228 639 1313 696 [et]
1338 640 1384 681 in
1403 643 1613 695 quantum
1633 639 1679 680 in
1699 638 1820 680 nobis
1841 641 1904 681 est
1923 642 2068 680 tenore
2090 652 2180 693 pre-

238 731 425 772 sencium
458 731 766 773 confirmamus.
848 731 903 773 In
935 731 1057 786 cujus
1092 730 1152 772 rei
1187 730 1477 772 testimonium
1510 730 1699 786 sigillum
1731 734 1923 771 nostrum
1959 743 2180 770 commune

239 820 504 875 presentibus
538 822 738 863 duximus
770 822 1083 876 apponendum.

293 910 458 952 Datum
500 912 545 953 in
588 913 712 953 domo
743 914 886 953 nostra
916 911 1139 966 capitulari
1172 910 1469 952 LANDAvnNsr
1506 910 1754 952 duodecimo
1785 909 1853 951 die
1884 909 2039 950 mensis
2069 908 2098 951 J
2101 909 2178 950 ulfi

238 1017 350 1044 anno
384 1003 545 1044 domini
579 1003 800 1045 millesimo
834 1002 1252 1057 quadringentesimo
1289 1001 1611 1056 quadragesimo
1647 1005 1804 1042 octavo.

297 1092 388 1134 The
410 1093 509 1144 seal,
530 1095 604 1135 red
628 1108 731 1144 wax,
750 1093 824 1134 has
848 1093 950 1134 been
973 1108 997 1133 a
1018 1092 1192 1147 pointed
1216 1092 1324 1142 oval‚
1347 1092 1474 1133 about
1498 1091 1614 1132 three
1634 1090 1777 1133 inches
1797 1091 1843 1132 in
1863 1090 2026 1146 length.
2089 1090 2182 1132 The

236 1182 365 1223 lower
385 1183 470 1224 and.
499 1183 740 1238 remaining
770 1182 986 1237 fragment
1015 1186 1250 1237 represents
1280 1182 1352 1223 the
1374 1185 1477 1223 west
1507 1182 1623 1223 frent
1643 1182 1688 1222 of
1718 1197 1742 1222 a
1770 1180 2010 1231 Gathedral,
2034 1180 2135 1222 with
2156 1195 2181 1222 a

236 1273 362 1325 door;
406 1273 538 1315 above
570 1274 617 1324 it,
652 1274 769 1315 three
799 1274 1024 1324 windows3
1072 1274 1158 1314 and
1192 1273 1238 1314 in
1270 1273 1341 1314 the
1372 1273 1509 1328 gable‚
1545 1277 1627 1313 two
1660 1273 1861 1313 Windows
1889 1272 1976 1313 and
2006 1286 2030 1313 a
2060 1272 2178 1326 large

235 1364 464 1420 quatrefoil
494 1364 637 1406 above.
701 1364 791 1406 The
823 1380 930 1406 cross
952 1379 1006 1406 on
1037 1364 1109 1406 the
1134 1379 1241 1419 apex
1273 1364 1318 1406 of
1348 1364 1419 1405 the
1451 1364 1576 1420 gable
1607 1364 1642 1404 is
1671 1363 1887 1419 projected
1918 1378 2033 1417 upon
2064 1362 2178 1404 what

233 1469 366 1497 seems
385 1458 429 1497 to
451 1455 557 1497 have
587 1457 854 1510 represented
876 1471 900 1497 a
921 1456 1080 1496 central
1110 1458 1251 1497 tower.
1314 1455 1391 1496 All
1419 1454 1492 1496 the
1523 1454 1730 1510 openings
1760 1453 1904 1495 shown
1931 1468 2001 1494 are
2022 1453 2178 1494 round-

233 1544 409 1587 headed.

1056 1752 1366 1796 MCLXXXI.

233 1860 716 1904 OONFIRMATION
787 1862 865 1904 OF
939 1861 1228 1904 SEVERAL
1301 1859 1670 1902 IMPORTANT
1727 1858 1983 1901 POWERS
2043 1857 2177 1900 AND

377 1952 754 1996 PRIVILEGES
804 1953 891 1995 BY
932 1952 1161 1994 HENRY
1202 1952 1299 2003 VI.‚
1343 1951 1521 1994 DUKE
1565 1951 1642 1993 OF
1682 1949 2065 2002 LANGASTER,
2103 1948 2178 1991 AS

377 2044 545 2087 LORD
598 2044 675 2087 OF
727 2044 997 2096 OGMORE,
1050 2044 1126 2086 TO
1178 2043 1456 2085 MARGAM
1505 2042 1735 2085 ABBEY.

810 2151 1030 2208 [HARLEY
1072 2152 1302 2201 CHARTER‚
1348 2152 1401 2191 75
1442 2150 1497 2192 A.
1534 2149 1623 2205 12]

1282 2259 1332 2299 13
1363 2257 1496 2300 JULY.
1558 2257 1612 2298 26
1644 2256 1817 2298 HENRY
1848 2255 1930 2298 VI.
1996 2256 2119 2297 1448.

293 2366 534 2408 HENRIGUS
548 2367 633 2408 Dei
649 2367 788 2422 gratia
809 2366 904 2408 Rex
918 2368 1101 2408 ANGLIE
1119 2370 1161 2407 et
1176 2366 1379 2407 FRANCIE
1394 2370 1437 2406 et
1454 2365 1651 2405 dominus
1665 2363 1907 2405 HIBERNIE
1928 2362 2173 2417 justiciariis

234 2457 550 2500 vicecomitibus
572 2457 808 2499 senescallis
828 2457 1112 2512 receptoribus
1133 2456 1397 2498 auditoribus
1427 2455 1596 2497 ballivis
1617 2453 1939 2496 constabulariis
1958 2453 2182 2508 prepositis

235 2551 278 2591 et
299 2548 495 2590 omnibus
515 2549 609 2590 aliis
629 2548 834 2590 ministris
854 2548 1008 2590 nostris
1030 2547 1208 2589 dominii
1229 2547 1362 2588 nostri
1383 2547 1436 2588 de
1467 2545 1720 2588 OGGEMORE
1742 2545 1788 2586 in
1809 2544 2116 2586 SUTHWALLIA
2137 2548 2178 2585 et

236 2654 381 2682 eorum
404 2639 576 2681 cuilibet
598 2640 790 2681 salutem.

294 2732 403 2772 Cum
433 2746 509 2772 nos
540 2746 613 2785 per
643 2731 786 2772 literas
817 2735 980 2772 nostras
1009 2733 1204 2786 patentes
1234 2730 1355 2770 datas
1387 2727 1463 2770 sub
1495 2727 1635 2781 sigillo
1666 2729 1809 2768 nostro
1837 2727 2015 2767 ducatus
2046 2726 2180 2767 nostri

237 2821 522 2864 LANCASTRIE
545 2822 659 2877 apud
680 2829 862 2863 castrum
895 2825 1086 2862 nostrum
1107 2821 1158 2862 de
1190 2819 1482 2863 WYNDESORE
1514 2817 1807 2859 terciodecimo
1839 2817 1907 2858 die
1937 2816 2047 2858 Julii
2067 2831 2180 2858 anno

236 2913 359 2969 regni
379 2912 512 2955 nostri
533 2912 729 2954 vicesimo
761 2915 878 2953 sexto
909 2912 962 2953 ob
992 2912 1204 2952 internam
1234 2909 1507 2952 affeccionem
1536 2923 1664 2963 quam
1691 2908 1746 2949 ad
1772 2907 1941 2949 beatam
1970 2906 2183 2962 virginem

233 3004 432 3046 MAmAM
453 3006 631 3045 matrem
653 3003 814 3044 domini
834 3003 966 3044 nostri
987 3001 1016 3044 J
1021 3016 1099 3044 ESU
1122 3001 1309 3043 OHmsTi
1340 2999 1526 3056 gerimus
1556 3002 1599 3040 et
1628 2997 1832 3040 habemus
1861 3012 1909 3039 ac
1939 3012 2014 3053 pro
2045 2997 2181 3040 salute
