2386 3645
219 283 329 323 1374

154 497 348 535 curantes
368 508 418 535 ea
437 494 614 549 prefatis
636 494 779 537 abbati
801 498 843 537 et
864 495 1092 537 conventui
1113 494 1311 537 exhibere
1333 494 1378 536 in
1400 494 1640 537 animarum
1661 508 1833 536 suarum
1853 493 2100 548 periculum,

154 586 197 624 et
223 582 432 626 dictorum
454 583 619 627 abbatis
640 588 682 627 et
703 588 934 627 conventus
955 600 1002 628 ac
1022 585 1268 628 monasterii
1288 600 1375 627 non
1401 585 1616 627 modicum
1637 584 1956 635 detrimentum,
1979 598 2103 639 super

157 687 239 727 quo
269 674 399 717 iidem
428 674 558 718 abbas
587 678 631 717 et
655 678 887 718 conventus
905 676 1130 732 apostolice
1151 676 1261 718 sedis
1281 676 1517 719 remedium
1537 675 1832 731 implorarunt.
1897 673 2103 720 Quocirca

151 763 393 807 discretioni
431 768 506 807 tue
546 781 621 821 per
661 767 889 822 apostolica
930 767 1084 822 scripta
1119 768 1374 809 mandamus
1413 766 1615 822 quatinus
1657 779 1802 808 omnes
1850 764 2099 820 hujusmodi

151 855 333 897 occultos
372 857 612 899 detentores
654 858 913 899 decimarum
953 857 1239 913 primitiarum
1275 860 1484 900 terrarum
1518 857 1767 899 reddituum
1807 870 2022 908 censuum,
2059 858 2102 897 et

151 945 332 988 aliorum
359 946 567 990 bonorum
597 948 897 1002 predictorum,
919 963 972 989 ex
1002 951 1122 1003 parte
1149 951 1294 991 nostra
1319 948 1365 990 in
1394 948 1577 991 ecclesiis
1597 947 1765 1003 publice
1786 961 1924 989 coram
1946 947 2102 1002 populo

151 1050 226 1109 per
246 1039 288 1078 te
309 1038 376 1079 vel
397 1038 530 1080 alium
561 1052 733 1080 moneas
763 1043 813 1080 ut
840 1038 954 1079 infra
984 1041 1294 1094 competentem
1324 1039 1558 1081 terminum
1583 1053 1710 1094 quem
1731 1038 1790 1080 eis
1811 1038 2029 1094 prefixeris
2049 1052 2099 1079 ea

150 1126 326 1182 prefatis
366 1128 510 1170 abbati
550 1132 593 1170 et
633 1128 860 1171 conventui
900 1143 925 1170 a
965 1143 1008 1170 se
1048 1129 1191 1171 debita
1230 1129 1460 1172 restituant
1501 1132 1544 1171 et
1582 1130 1785 1181 revelent,
1828 1133 1870 1172 et
1911 1130 1963 1172 de
1998 1129 2102 1184 ipsis

150 1218 322 1273 plenam
362 1222 405 1262 et
437 1220 625 1262 debitam
657 1220 989 1262 satisfactionem
1020 1220 1286 1275 impendant,
1309 1223 1351 1262 et
1380 1221 1415 1262 si
1440 1221 1485 1262 id
1513 1236 1599 1263 non
1632 1220 1958 1276 adimpleverint
1988 1220 2104 1262 infra

148 1308 281 1351 alium
331 1311 640 1365 conpetentem¹
690 1311 922 1353 terminum
973 1325 1100 1366 quem
1141 1311 1199 1352 eis
1239 1311 1294 1352 ad
1343 1311 1422 1353 hoc
1461 1311 1714 1367 peremtorie
1754 1292 1926 1353 (suxeris
1975 1311 2099 1366 prefi-

148 1400 350 1455 gendum,
388 1403 544 1443 extunc
583 1401 629 1442 in
665 1415 734 1443 eos
769 1401 1010 1457 generalem
1043 1401 1492 1443 excommunicationis
1525 1401 1783 1444 sententiam
1819 1401 2022 1457 proferaS,
2059 1404 2102 1443 et

149 1504 241 1532 eam
273 1489 404 1532 facias
436 1491 510 1533 ubi
541 1494 582 1534 et
612 1493 782 1547 quando
813 1492 1010 1548 expedire
1043 1492 1199 1534 videris
1228 1506 1362 1548 usque
1392 1493 1447 1534 ad
1478 1492 1810 1535 satisfactionem
1843 1492 2100 1548 condignam

149 1581 391 1624 solemniter
410 1582 630 1638 publicari.

204 1671 368 1714 Datum
410 1673 545 1715 RoME
585 1675 700 1730 apud
740 1673 944 1717 Sanctum
986 1674 1179 1717 PETRUM
1222 1690 1321 1717 VIII.
1357 1675 1458 1717 Kal.
1497 1674 1526 1717 J
1528 1675 1621 1717 unii
1656 1675 1929 1731 pontificatus
1963 1674 2099 1718 nostri

147 1777 259 1805 anno
281 1764 444 1819 quinto.
1714 1765 1764 1808 Gr.
1800 1765 2040 1808 GREGORII.

204 1854 247 1896 A
267 1855 418 1897 leaden
439 1855 570 1898 Bulla
591 1856 635 1898 of
656 1856 773 1913 Pope
794 1857 1028 1900 BONIFACE
1049 1857 1085 1899 is
1106 1858 1328 1914 appended
1350 1856 1409 1912 by
1430 1872 1455 1898 a
1475 1856 1659 1913 hempen
1681 1857 1792 1898 cord.

205 1945 499 1989 Eudorsed—‘
517 1947 702 2004 Morgan
735 1947 1020 1991 Cistersiensis
1041 1947 1229 2000 ordinis,'
1251 1948 1297 1990 in
1329 1963 1354 1990 a
1383 1949 1469 1990 late
1500 1948 1644 1999 hand3
1677 1949 1763 1990 and
1792 1948 1838 1990 in
1870 1963 1894 1990 a
1925 1948 2101 1990 modern

148 2036 277 2087 hand,
307 2040 316 2058 ‘
335 2035 452 2090 Bull,
485 2038 772 2095 empowering
802 2039 875 2081 the
905 2038 1051 2081 Abbot
1084 2039 1128 2081 of
1158 2038 1305 2081 Neath
1336 2043 1380 2081 to
1411 2038 1776 2081 excommunicate
1805 2053 1979 2094 persons
2006 2038 2102 2080 who

150 2127 384 2182 plundered
405 2128 478 2170 the
500 2129 655 2184 Abbey
677 2130 722 2172 of
742 2130 943 2186 Margam
965 2130 1010 2173 of
1030 2131 1174 2182 tithes,
1196 2131 1325 2187 plate,
1349 2130 1442 2173 etc.⁹

640 2220 718 2263 See
739 2221 884 2273 Birch,
910 2222 1024 2263 Hist.
1048 2225 1098 2267 of
1120 2223 1258 2263 Neatlc
1281 2223 1434 2275 Abbey,
1457 2236 1497 2277 p.
1524 2222 1618 2263 1:35.

897 2313 944 2349 (l)
969 2313 976 2326 ‘
989 2312 1267 2349 compententem'
1285 2312 1351 2341 MS.
