2386 3645
1864 279 1973 321 1219

880 586 1069 630 DCOOO
1077 587 1245 631 LXIX.

89 711 392 756 CHARTER
432 710 512 753 OF
551 710 744 754 HUGH
783 710 866 753 LE
906 710 1284 765 DESPENSER,
1314 712 1484 755 LORD
1522 714 1600 756 OF
1641 714 2035 761 GLAMORGAN

236 801 370 845 AND
439 801 722 853 MORGAN,
784 801 1187 845 OONFIRMING
1261 803 1321 859 (1)
1397 803 1528 846 THE
1599 804 1897 850 OHARTER
1956 809 2035 851 OF

237 891 544 944 WILLIAM,
576 891 748 934 EARL
779 891 858 935 OF
888 891 1307 946 GLOUOESTER,
1339 893 1415 936 TO
1447 893 1778 950 NIGHOLAS,
1807 897 2036 942 BISHOP

237 983 316 1026 OF
375 982 733 1035 LLANDAFF,
793 982 866 1026 IN
926 983 1186 1027 FAVOUR
1246 984 1324 1026 OF
1378 985 1656 1029 MARGAM
1714 987 1943 1042 ABBEY,
2000 1003 2034 1032 c.

240 1075 555 1127 1153—11733
611 1075 672 1130 (2)
727 1074 858 1118 THE
909 1075 1210 1118 OHARTER
1256 1076 1334 1118 OF
1375 1075 1651 1120 GILBERT
1692 1078 1775 1121 DE
1817 1079 2035 1134 OLARE,

239 1165 437 1209 FIFTH
496 1165 669 1208 EARL
729 1166 808 1209 OF
868 1165 1275 1210 GLOUCESTER
1335 1167 1470 1210 AND
1541 1168 1901 1222 HERTFORD,
1961 1170 2038 1213 ΤΟ

239 1256 518 1299 MARGAM
557 1256 787 1309 ABBEY,
830 1256 1079 1299 BEFORE
1121 1259 1247 1299 1220.

813 1364 1044 1421 [MARGAM
1076 1365 1332 1423 CHARTER]

1183 1475 1207 1514 9
1241 1473 1341 1516 Oor.
1407 1475 1459 1516 12
1490 1474 1618 1517 Enw.
1652 1474 1743 1517 HI.
1809 1475 1981 1533 [1338]

153 1579 293 1622 Hmo
313 1579 353 1621 le
375 1578 646 1621 DEsPENSER
667 1579 780 1622 filius
800 1583 842 1622 et
864 1580 984 1622 heres
1013 1581 1177 1623 domini
1203 1581 1418 1623 HUGoffls
1442 1583 1482 1624 16
1510 1582 1778 1624 DESPENSER
1799 1587 1841 1626 et
1873 1584 2043 1627 domine

93 1670 337 1714 ALIANORE
386 1670 588 1712 consortis
619 1670 714 1726 ejus
746 1703 754 1713 .
788 1671 987 1714 dominus
1029 1671 1390 1714 GLAMORGANCIE
1421 1676 1464 1715 et
1494 1672 1769 1715 MORGANCIE
1803 1708 1811 1716 .
1846 1675 2041 1718 omnibus

94 1759 249 1804 Sancte
269 1760 418 1803 matris
438 1760 608 1803 ecclesie
630 1761 729 1803 filiis
749 1762 804 1803 ad
825 1776 929 1816 quos
949 1777 1120 1818 presens
1141 1762 1346 1817 scriptum
1365 1763 1605 1818 pervenerit
1626 1764 1819 1806 salutem.

157 1851 418 1909 [N]overitis
453 1866 529 1894 nos
564 1851 796 1907 inspexisse
833 1856 992 1895 cartam
1026 1851 1136 1895 bone
1170 1854 1371 1896 memorie
1403 1854 1565 1896 domini
1596 1854 1846 1898 annmn
1879 1857 2043 1899 comitis

94 1942 403 1986 GLOUOESTRIE
425 1957 553 1998 quam
573 1942 675 1984 fecit
695 1943 911 1985 monachis
933 1943 1245 1986 CLAREVALLIS
1264 1944 1310 1986 in
1331 1944 1407 1987 hec
1428 1944 1559 1987 verba
1577 1960 1642 1987 :—

152 2033 438 2078 WILLELMUs
460 2048 597 2076 comes
618 2032 927 2076 GLOUCESTRIE
948 2034 1185 2077 NICHOLAO
1212 2033 1511 2077 LANDAVENSI
1533 2036 1726 2091 episcopo
1747 2042 1790 2079 et
1810 2037 2045 2080 vicecomiti

92 2138 167 2167 suo
187 2125 240 2166 de
261 2123 550 2167 GLAMORGAN
572 2126 615 2166 et
636 2123 833 2166 omnibus
852 2123 1081 2167 baronibus
1103 2125 1187 2167 suis
1206 2159 1214 2167 .
1233 2130 1274 2167 et
1295 2125 1563 2168 hominibus,
1582 2129 1625 2168 et
1645 2126 1790 2169 amicis
1811 2161 1820 2169 .
1844 2127 2044 2171 FRANCIS

95 2217 139 2258 et
159 2215 335 2258 Amas
357 2217 400 2258 et
421 2214 755 2258 WALLENSIBUS
777 2216 970 2258 salutem.

152 2304 304 2348 Sciatis
332 2321 401 2348 me
432 2306 678 2348 concessisse
709 2309 752 2348 et
781 2305 860 2348 hac
889 2321 985 2348 mea
1015 2311 1130 2349 carta
1159 2307 1425 2349 confirmasse
1454 2307 1574 2348 illam
1604 2308 1880 2350 donacionem
1910 2324 2040 2364 quam

95 2395 334 2439 Romam—us
356 2411 492 2439 comes
524 2395 834 2439 GLOUCESTRIE
866 2402 986 2453 pater
1014 2413 1134 2440 meus
1163 2402 1206 2440 et
1235 2397 1442 2440 MABILIA
1464 2398 1675 2440 comitissa
1694 2402 1830 2441 mater
1850 2415 1944 2442 mea
1963 2415 2039 2456 pro

94 2502 170 2530 sua
190 2502 446 2542 suorumque
468 2487 603 2530 salute
625 2489 835 2530 dederunt
855 2488 1074 2531 monachis
1094 2489 1146 2530 de
1172 2488 1472 2531 CLARAVALLE
1497 2523 1505 2531 .
1529 2489 1686 2532 scilicet
1716 2492 1850 2532 totam
1881 2494 2038 2534 terram

94 2593 176 2634 que
205 2583 268 2620 est
288 2578 401 2621 inter
431 2577 673 2621 KENEFEG’
695 2582 738 2622 et
757 2578 910 2621 AvEN'
932 2579 1176 2622 ulteriorem
1206 2594 1288 2635 que
1308 2582 1370 2622 est
1391 2580 1446 2622 acl
1476 2579 1736 2622 occidentem
1765 2579 2036 2638 heremitagii

92 2668 376 2712 Tnssonomm
403 2702 413 2712 .
445 2669 552 2712 sicut
581 2670 767 2725 predicte
797 2685 906 2726 aque
936 2671 1197 2713 descendunt
1226 2672 1279 2713 de
1308 2670 1523 2712 monta-nis
1544 2704 1553 2713 .
1576 2670 1686 2712 hanc
1715 2674 1850 2713 tot-am
1879 2674 2036 2714 terram

88 2760 271 2803 concedo
301 2760 501 2815 predictis
535 2760 753 2803 monachis
783 2761 891 2804 sicut
923 2761 1041 2804 vadit
1070 2776 1145 2817 per
1173 2763 1378 2803 montana
1410 2793 1418 2802 .
1451 2776 1476 2802 a
1506 2775 1624 2803 sursa
1654 2760 1809 2803 scilicet
1839 2776 1948 2817 aque
1979 2763 2031 2805 de

91 2848 333 2892 Kmmma’
354 2850 467 2893 inter
498 2865 661 2893 sursam
691 2850 897 2894 RUDELF’
921 2855 963 2894 et
994 2852 1290 2894 GETHLIFRET
1313 2885 1321 2894 .
1345 2866 1478 2907 usque
1506 2851 1552 2893 in
1584 2851 1933 2894 REDKEWELTHI
1957 2885 1966 2894 .
1988 2852 2035 2895 id

89 2942 156 2983 est
189 2940 236 2982 in
270 2941 429 2982 vadum
461 2940 720 2983 KEWELTHI
756 2942 802 2984 in
831 2942 1036 2985 AvENAM
1069 2976 1077 2985 .
1110 2942 1155 2984 in
1190 2942 1313 2985 bosco
1346 2975 1354 2983 .
1387 2945 1429 2983 et
1464 2942 1509 2983 in
1539 2941 1668 2997 plano
1702 2941 1748 2982 in
1787 2942 1919 2997 pratis
1950 2975 1959 2985 .
1993 2947 2037 2986 et

91 3030 274 3087 pastu-ris
297 3063 306 3073 .
330 3034 371 3073 et
402 3031 553 3087 aquis.
577 3032 623 3074 in
653 3032 781 3075 moris
811 3036 854 3076 et
884 3033 1070 3075 mariscis
1103 3068 1111 3075 .
1144 3033 1342 3088 piscarias
1372 3033 1504 3075 eciam
1535 3033 1586 3074 de
1618 3031 1785 3074 AvENA
1815 3035 1955 3075 totas.
1985 3037 2037 3076 ut
