2386 3645
1966 316 2075 357 1475

194 511 340 567 scripsi
365 513 408 553 et
436 509 653 566 publicavi
679 510 722 551 et
753 508 799 550 in
829 507 940 549 hanc
972 506 1187 563 publicam
1227 505 1410 548 formam
1449 505 1625 562 reddegi
1656 505 1861 562 signoque
1891 511 1933 548 et
1963 506 2136 548 nomine

193 601 298 643 meis
345 600 480 643 solitis
529 602 572 642 et
623 598 831 641 consuetis
873 612 1057 639 unacum
1097 596 1353 652 appensione
1393 596 1524 652 sigilli
1563 596 1667 637 dicti
1706 596 1867 638 domini
1906 596 1935 639 J
1939 610 2136 638 OHANle

193 691 398 734 auditoris
439 689 607 746 signavi
645 691 821 745 rogatus
860 691 904 730 et
943 687 1170 743 requisitus
1209 687 1254 728 in
1295 687 1422 729 fidem
1463 690 1505 728 et
1545 686 1835 728 testimonium
1869 687 2060 728 omnium
2095 691 2137 728 ct

198 783 464 838 singulorum
484 782 795 837 premissorum.

253 873 363 925 SeaL
385 873 562 929 pointed
583 871 691 923 oval,
714 871 801 913 8in.
823 870 882 925 by
906 870 1019 925 l{in.
1082 869 1254 921 Device‚
1277 869 1366 911 Our
1386 868 1505 911 Lord
1533 869 1670 925 rising
1699 868 1809 910 from
1839 868 1911 910 the
1941 867 2070 918 tomb,
2092 867 2138 908 in

193 979 219 1006 a
254 963 377 1006 niche
412 962 518 1004 with
552 961 708 1005 Gothic
743 966 920 1017 tracery.
982 960 1039 1003 In
1069 960 1142 1003 the
1177 960 1295 1016 right
1328 960 1426 1002 base
1458 975 1483 1002 a
1515 959 1650 1002 shield
1685 959 1730 1002 of
1761 974 1898 1010 arms3
1930 973 1985 1000 an
2020 957 2140 1014 eagle

195 1054 431 1109 displayed.

250 1143 565 1201 Legend—‘s'.
608 1158 720 1186 IOHA
743 1177 888 1186 .....
912 1158 970 1185 DE
1003 1157 1263 1185 THOMARns,
1340 1156 1482 1184 DECRE
1487 1175 1734 1184 ........
1760 1139 1926 1182 PALAc'.
2000 1138 2133 1180 APLI'.

193 1236 306 1279 CAR’.
367 1235 610 1279 AUDITOR'.'

253 1328 479 1370 Endorsed
499 1343 544 1370 as
564 1327 638 1370 the
658 1328 752 1370 title
772 1327 974 1383 prefixed.

1051 1542 1277 1587 MCVIII.

256 1651 558 1695 GENERAL
599 1650 858 1694 PARDON
900 1650 986 1693 BY
1026 1650 1190 1693 KING
1230 1650 1459 1693 HENRY
1498 1650 1553 1693 V.
1597 1649 1673 1692 TO
1716 1649 1846 1692 THE
1889 1648 2093 1691 ABBOT

967 1741 1045 1784 OF
1086 1741 1376 1784 MARGAM.

905 1848 1136 1905 [MARGAM
1169 1848 1424 1905 CHARTER]

1372 1957 1424 1997 12
1457 1955 1558 1998 Oc'r.
1621 1957 1646 1997 3
1679 1955 1803 1998 HEN.
1836 1956 1890 1999 V.
1956 1957 2079 1997 1415.

251 2065 494 2107 HENRICUS
536 2064 620 2106 Dei
655 2064 795 2120 gratia
826 2064 1011 2106 ANGLOE
1052 2067 1095 2105 et
1130 2063 1336 2105 FRANcm
1365 2069 1407 2106 et
1441 2064 1638 2106 dominus
1671 2063 1912 2106 HIBERNIE
1945 2063 2141 2106 omnibus

191 2157 361 2199 ballivis
382 2160 424 2198 et
444 2155 642 2198 fidelibus
662 2156 748 2197 suis
769 2157 824 2197 ad
845 2170 949 2210 quos
969 2159 1183 2210 presentes
1202 2155 1343 2197 littere
1363 2155 1634 2210 pervenerint
1654 2155 1846 2197 salutem.

249 2247 401 2290 Sciatis
428 2247 542 2302 quod
569 2247 621 2288 de
653 2247 792 2301 gratia
819 2250 964 2288 nostra
995 2246 1165 2301 speciali
1195 2246 1247 2287 de
1279 2260 1450 2287 assensu
1480 2245 1750 2288 dominorum
1779 2245 2065 2300 spiritualium
2095 2249 2137 2286 et

192 2337 491 2393 temporalium
527 2338 582 2379 ad
622 2337 941 2392 requisitionem
977 2336 1331 2378 communitatum
1363 2337 1485 2392 regni
1516 2336 1650 2378 nostri
1688 2335 1872 2378 ANGLIE
1907 2335 1953 2377 in
1986 2335 2137 2378 ultimo

190 2429 471 2485 parliamento
500 2432 644 2470 nostro
666 2428 947 2470 existencium
968 2427 1295 2483 perdonavimus
1315 2432 1356 2470 et
1379 2427 1662 2469 relaxavimus
1683 2426 1939 2469 WILLELMO
1959 2427 2137 2469 MURYK

190 2519 334 2562 abbati
361 2520 413 2562 de
443 2519 648 2561 MARGAN
670 2522 713 2560 et
732 2519 921 2574 ejusdem
942 2518 1023 2560 loci
1044 2519 1271 2560 conventui
1293 2518 1558 2560 omnimodos
1578 2518 1930 2573 transgressiones
1954 2517 2135 2559 offensas

189 2610 483 2666 mesprisioncs
514 2613 780 2665 contemptus
801 2612 844 2651 et
863 2609 1155 2664 impeticiones
1174 2624 1250 2664 per
1278 2609 1389 2664 ipsos
1410 2613 1508 2650 ante
1529 2613 1724 2650 octavum
1745 2608 1859 2649 diem
1889 2607 2134 2650 Decembris

187 2702 339 2743 ultimo
360 2701 611 2756 preteritum
632 2703 777 2742 contra
797 2700 980 2742 formam
1001 2703 1257 2742 statutorum
1277 2701 1329 2742 de
1350 2700 1538 2742 liberatis
1558 2714 1797 2755 pannorum
1818 2702 1862 2741 et
1881 2699 2134 2754 capiciorum

187 2793 323 2835 factos
339 2792 425 2834 sive
447 2794 710 2847 perpetratos
729 2792 844 2833 unde
865 2791 1034 2847 punicio
1057 2792 1224 2833 caderet
1243 2791 1288 2832 in
1310 2791 1439 2832 finem
1456 2794 1498 2832 et
1513 2789 1850 2846 redempcionem
1869 2793 1944 2831 aut
1964 2789 2010 2831 in
2031 2789 2135 2831 alias

187 2898 317 2939 penas
349 2882 614 2938 pecuniarias
649 2896 723 2924 scu
758 2882 1136 2937 imprisonamenta
1171 2881 1340 2924 statutis
1372 2881 1570 2937 predictis
1601 2895 1688 2922 non
1723 2879 1999 2922 obstantibus.
2061 2879 2132 2921 Ita

187 2980 332 3016 tamen
364 2973 478 3028 quod
510 2976 724 3028 presentes
752 2973 1005 3027 perdonacio
1038 2977 1081 3014 et
1112 2972 1320 3014 relaxacio
1352 2987 1438 3014 non
1470 2972 1622 3013 cedant
1650 2971 1699 3012 in
1729 2971 1964 3025 dampnum
1993 2970 2133 3026 preju-

185 3064 345 3106 dicium
374 3063 443 3105 vel
474 3063 795 3118 derogacionem
827 3062 1011 3119 alicujus
1039 3062 1213 3105 alterius
1244 3077 1420 3118 persone
1451 3076 1580 3117 quam
1606 3062 1747 3104 nostre
1775 3061 2011 3104 dumtaxat.
2072 3060 2134 3103 Et
