2386 3645
1935 300 2045 341 1553

163 504 409 548 molendina
438 503 633 559 aquatica
663 506 811 545 vocata
844 502 1162 559 [BRYNMYLL']
1197 519 1278 559 que
1308 504 1452 546 valent
1490 519 1565 560 per
1594 520 1756 548 annum
1784 506 1897 549 ultra
1925 507 2103 562 reprisas

165 595 248 638 1.x‘2
292 595 354 637 Et
375 597 437 636 est
456 593 616 636 ibidem
637 609 774 636 unum
804 593 1098 636 molendinum
1128 593 1384 636 fullonioum
1407 628 1550 637 .....
1603 594 1664 637 Et
1693 600 1755 638 est
1784 596 1942 638 ibidem
1971 611 2106 639 unum

163 685 457 728 molendinum
499 684 743 740 aquaticum
784 686 980 726 vocatum
1022 683 1327 726 GRENEMYLL'
1368 685 1483 740 quod
1529 684 1643 726 valet
1682 700 1756 739 per
1796 700 1956 727 annum
1995 685 2108 727 ultra

163 777 342 833 reprisas
362 784 446 818 xxs·
497 776 558 818 Et
578 779 642 818 est
661 775 820 818 ibidem
841 789 974 816 unum
996 775 1234 829 pomerium
1254 775 1368 830 quod
1395 775 1509 817 valet
1527 790 1603 831 per
1619 790 1779 817 annum
1800 776 1912 817 ultra
1931 776 2109 831 reprisas

165 875 236 909 VJS·
278 867 339 909 Et
355 870 418 909 est
433 866 593 909 ibidem
614 867 831 922 quoddam
855 901 863 908 .
889 900 897 908 .
924 900 930 907 .
956 900 963 908 .
988 867 1041 909 de
1063 865 1234 907 TAwYE
1257 867 1370 921 quod
1391 867 1505 908 valet
1524 881 1599 922 per
1619 881 1780 908 annum
1800 867 1913 908 ultra
1933 867 2110 922 reprieas

164 966 214 1002 x*
272 959 334 1001 Et
354 963 416 1002 est
436 958 597 1001 ibidem
617 973 753 1001 unum
775 961 946 1014 prabum
967 961 1163 1000 vocatum
1184 957 1394 1000 ISELOND’
1417 961 1459 1000 et
1490 957 1720 1000 REDMEDE
1752 959 1866 1013 quod
1895 957 2008 999 valet
2037 972 2112 1013 per

165 1065 328 1093 annum
347 1051 461 1093 ultra
481 1050 660 1105 reprisas
682 1057 756 1092 Ἡδ-
814 1049 876 1092 Et
897 1052 960 1092 est
989 1049 1149 1091 ibidem
1179 1050 1393 1105 quoddam
1423 1050 1542 1092 aliud
1571 1052 1743 1105 pratum
1772 1051 1968 1091 vocatum
1998 1048 2110 1090 Pon-

164 1155 494 1184 TAYNAN-MEDE
517 1142 630 1196 quod
650 1141 765 1183 valet
785 1155 860 1196 per
881 1155 1043 1183 annum
1062 1141 1176 1182 ultra
1196 1141 1377 1196 reprisas
1411 1139 1574 1198 [vusffi]
1638 1140 1698 1182 Et
1729 1142 1830 1182 sunt
1850 1139 2008 1182 ibidem
2029 1143 2113 1181 tres

164 1235 358 1291 gurgites
386 1234 433 1276 in
464 1248 574 1289 aqua
605 1234 657 1275 de
689 1232 860 1275 TAWYE
893 1248 975 1289 que
1005 1233 1150 1275 valent
1179 1248 1254 1289 per
1285 1247 1446 1275 annum
1475 1232 1589 1275 ultra
1618 1231 1798 1287 reprisas
1818 1238 1869 1271 vs·
1898 1230 2006 1272 111Jd·
2054 1230 2115 1271 Et

167 1326 281 1381 quod
301 1325 512 1367 bolnetum
533 1324 710 1380 piscarie
730 1323 891 1366 ibidem
907 1324 1020 1366 valet
1041 1339 1116 1380 per
1137 1339 1298 1366 annum
1318 1324 1433 1365 ultra
1452 1323 1632 1379 reprisas
1652 1330 1732 1364 11σὲ-
1760 1322 1867 1364 111Jd·
1924 1321 1985 1363 Et
2005 1321 2118 1376 quod.

164 1415 446 1472 perquisitum
487 1416 780 1458 nundinarum
816 1414 976 1458 ibidem
1010 1416 1123 1458 valet
1155 1431 1230 1472 per
1262 1430 1423 1457 annum
1463 1414 1613 1456 xand·
1677 1413 1738 1455 Et
1766 1413 1880 1469 quod
1915 1412 2118 1454 chensura

168 1506 328 1550 ibidem
356 1508 471 1549 valet
500 1522 575 1563 per
605 1522 768 1549 annum
798 1507 896 1549 XIJ‘L
960 1507 1020 1549 Et
1051 1508 1165 1563 quod
1196 1507 1430 1562 proficuum
1461 1504 1679 1561 cervis[ie]
1716 1504 1873 1546 ibidem
1904 1503 2017 1545 valet
2046 1517 2121 1558 per

169 1613 332 1640 annum
351 1599 414 1641 ΧΗ·
452 1599 510 1641 Et
527 1599 639 1654 quod
656 1598 889 1654 perquisita
902 1598 1115 1640 hundredi
1135 1597 1294 1640 ibidem
1310 1597 1453 1639 valent
1470 1611 1543 1652 per
1560 1610 1722 1638 annum
1743 1595 1843 1637 VIJH·
1861 1602 1973 1636 ans-
1997 1593 2115 1636 and·

167 1688 229 1731 Et
264 1693 326 1732 est
365 1690 481 1732 infra
514 1690 704 1732 dominia
744 1689 934 1745 predicta
972 1695 1021 1730 ut
1057 1688 1240 1744 parcella
1275 1689 1506 1730 eorundem
1538 1691 1686 1729 vocata
1729 1685 2031 1728 GAWSSHERIA
2067 1686 2119 1727 de

168 1794 295 1836 supra
319 1814 497 1823 ......
522 1781 568 1822 in
600 1796 683 1836 quo
717 1785 816 1823 sunt·
847 1782 900 1822 de
930 1781 1100 1822 redditu
1130 1779 1453 1823 WALLENCIUM
1475 1779 1674 1821 solvendo
1696 1778 1918 1819 annuatim
1938 1776 2120 1818 termino

166 1870 314 1914 Sancti
334 1872 595 1914 MICHAELIS
618 1879 697 1914 Lxs·
759 1872 817 1914 Et
838 1876 938 1914 suni:
969 1871 1128 1914 ibidem
1159 1872 1211 1913 de
1241 1870 1413 1913 redditu
1444 1869 1607 1912 servicii
1637 1875 1717 1910 XLS·
1778 1868 1839 1909 Et
1869 1871 1932 1910 est
1962 1867 2120 1909 ibidem

169 1966 282 2006 certa
312 1964 572 2006 consuetudo
602 1967 751 2006 vocata
784 1963 1055 2006 GOMORTHA¹
1075 1962 1198 2004 alcid’
1221 1977 1315 2017 que,
1347 1964 1412 2003 etc
1416 1993 1686 2002 .......
1721 1965 1884 2000 ΧΧΠΗΞ·
1941 1957 2001 1999 Et
2021 1960 2120 1999 sunt

168 2053 329 2096 ibidem
370 2055 423 2096 de
463 2055 635 2097 redditu
674 2055 721 2097 in
766 2055 1148 2098 ATHELHOLDENE
1188 2053 1389 2096 solvendo
1438 2051 1621 2094 termino
1670 2049 1816 2092 Sancti
1859 2048 2117 2091 MICHAEms

168 2147 392 2189 annuatim
424 2154 497 2189 VJS·
541 2147 659 2189 and·
700 2180 929 2190 ......
1004 2146 1065 2188 Et
1111 2150 1173 2188 est
1213 2145 1327 2186 infra
1367 2142 1556 2185 dominia
1585 2141 1774 2197 predicta
1803 2143 1853 2182 ui:
1882 2139 2119 2181 membrum

171 2240 402 2281 eorundem
423 2242 607 2281 castrum
628 2240 680 2281 de
703 2238 1039 2281 OYSTERMOUTH
1060 2238 1106 2279 in
1128 2251 1210 2292 quo
1241 2238 1375 2277 castro
1405 2237 1468 2276 est
1496 2248 1608 2276 unus
1638 2233 1766 2274 scitus
1796 2231 1870 2287 qui
1900 2231 1968 2273 Hm.
2006 2230 2119 2271 valet

172 2345 247 2386 per
266 2345 428 2373 annum
449 2330 564 2372 ultra
583 2330 775 2386 repricas,
798 2333 875 2372 etc.

231 2421 278 2457 (1)
303 2420 492 2458 Gomortha„
507 2421 591 2449 from
605 2420 661 2449 the
676 2420 788 2450 Welsh
804 2419 1015 2458 Cymhortha‚
1030 2420 1207 2448 assistance
1222 2419 1264 2455 by
1280 2416 1363 2446 local
1384 2414 1614 2445 contribution.
1657 2414 1706 2452 By
1722 2414 1862 2450 statute,
1876 2414 1893 2440 4
1909 2412 2020 2450 Henry
2036 2411 2106 2449 IV„

180 2485 248 2514 cap.
265 2477 311 2514 27,
327 2476 354 2505 it
379 2477 405 2505 is
430 2476 599 2505 forbidden
623 2480 657 2505 to
683 2476 777 2505 make
801 2476 1016 2505 commorthes
1041 2484 1077 2504 or
1093 2474 1265 2512 gathering
1281 2482 1366 2510 upon
1383 2472 1436 2501 the
1451 2480 1598 2500 common
1615 2471 1728 2507 people
1743 2470 1774 2498 in
1790 2468 1909 2498 Wales.
1951 2467 2055 2497 Alcid'
2078 2467 2104 2495 is

181 2535 340 2573 probably
355 2544 373 2564 a
388 2534 526 2564 blunder
541 2535 574 2563 of
589 2535 644 2564 the
660 2534 771 2564 scribe.

229 2590 329 2629 Many
356 2590 448 2619 other
472 2590 581 2628 places
603 2600 656 2620 are
680 2590 864 2620 mentioned
891 2589 923 2617 in
947 2588 1012 2617 this
1039 2586 1238 2623 inquisition,
1254 2585 1313 2613 but
1338 2584 1364 2612 it
1390 2588 1511 2613 cannot,
1532 2583 1571 2612 be
1594 2581 1792 2612 ascertained
1819 2580 1891 2609 that
1906 2580 1984 2617 they
1999 2588 2052 2608 are
2073 2578 2104 2607 in

181 2645 476 2684 Glamorganshire.

377 3194 447 3228 8U
