2386 3645
301 264 409 306 1500

1090 467 1329 511 MGXXV.

237 610 410 654 BULL
459 611 539 654 OF
583 610 741 654 POPE
791 609 1044 653 MARTIN
1098 609 1153 653 V.
1206 608 1282 652 ΤΟ
1333 608 1465 652 ΤΗΕ
1514 607 1721 651 ΑΒΒΟΤ
1767 607 1845 650 OF
1889 607 2181 660 MARGAM,

380 709 817 754 EMPOWERING
867 709 996 752 HIM
1046 709 1122 751 ΤΟ
1173 706 1725 751 EXCOMMUNIGATE
1775 706 1978 750 THOSE
2029 707 2180 752 WHO

380 810 519 854 ΗΑΒ
569 808 921 853 DESPOILED
971 807 1102 851 THE
1151 807 1368 851 ABBEY
1417 807 1496 850 OF
1544 806 1780 849 NEATH.

952 931 1183 990 [MARGAM
1214 931 1471 988 Grumum]

1353 1056 1403 1097 11
1437 1055 1601 1097 Arnn„
1664 1055 1753 1097 6ΤΗ
1784 1054 1931 1098 Yam.
1997 1057 2120 1098 1423.

289 1182 534 1225 MARTmts
555 1183 773 1237 episcopus
794 1196 936 1223 servus
957 1194 1171 1222 servorum
1192 1179 1277 1221 Dei
1297 1179 1451 1221 dilecto
1482 1179 1570 1221 filio
1602 1212 1611 1221 .
1646 1211 1654 1220 .
1688 1177 1833 1220 abbati
1861 1180 2106 1222 monasterii
2126 1181 2181 1222 de

228 1273 430 1316 Monens
453 1272 773 1315 mevssms
794 1272 968 1314 diocesis
988 1271 1169 1312 salutem
1190 1274 1231 1311 et
1253 1269 1526 1325 apostolicam
1545 1268 1897 1312 benedictionem.

286 1364 592 1421 Significarunt
613 1362 735 1406 nobis
755 1362 899 1404 dilecti
916 1361 993 1403 filii
1011 1394 1021 1403 .
1042 1396 1050 1403 .
1070 1360 1199 1403 abbas
1220 1368 1260 1402 et
1283 1363 1516 1402 conventus
1535 1360 1781 1402 monasterii
1800 1359 1923 1403 beate
1943 1360 2103 1403 Minus
2124 1362 2178 1404 de

226 1455 393 1498 Nssom
423 1455 754 1497 emmam-sm
785 1454 946 1496 ordinis
974 1451 1297 1494 Lamnas-sn
1328 1451 1504 1493 diocesis
1535 1484 1544 1492 .
1577 1451 1691 1506 quod
1721 1451 1919 1493 nonnulli
1938 1451 2178 1508 iniquitatis

226 1547 305 1589 filii
336 1561 440 1602 quos
470 1560 640 1601 prorsus
659 1545 830 1599 ignorat
851 1558 1025 1586 nemora
1045 1543 1178 1598 ipsius
1198 1542 1443 1584 monasterii
1464 1542 1658 1584 accedere
1682 1575 1690 1583 .
1713 1545 1756 1584 et
1777 1541 1945 1584 arbores
1965 1542 2178 1586 abscidere

223 1652 271 1680 ac
292 1641 507 1693 asportare
527 1650 691 1678 necnon
714 1635 897 1677 decimas
919 1635 1083 1676 fruetus
1103 1634 1294 1676 redditus
1315 1637 1545 1689 proventus
1574 1633 1863 1675 emolumenta
1881 1633 2010 1676 libros
2031 1634 2180 1677 calices

222 1736 471 1771 ornamenta
491 1726 769 1770 ecclesiastica
789 1731 831 1768 et
852 1725 1061 1768 nonnulla
1081 1724 1166 1767 alia
1193 1724 1305 1766 bona
1327 1724 1383 1766 ad
1412 1724 1574 1766 dictum
1604 1725 1909 1766 monasterium
1940 1726 2177 1780 spectanoia

220 1825 379 1863 temere
409 1824 453 1861 et
482 1818 695 1861 maliciose
726 1817 935 1860 occultare
968 1821 1009 1859 et
1041 1817 1201 1859 occulte
1242 1816 1432 1857 detinere
1472 1820 1726 1870 presumunt.
1765 1830 1853 1858 non
1892 1820 2088 1859 curantes
2127 1833 2177 1860 ea

221 1911 399 1968 prefatis
420 1909 566 1953 abbati
586 1917 629 1952 et
650 1909 879 1952 conventui
899 1907 1097 1950 exhibere
1118 1907 1164 1949 in
1190 1907 1432 1948 animarum
1453 1921 1625 1948 suarum
1649 1906 1884 1962 periculum
1906 1907 2177 1964 ipsorumque

221 2001 387 2045 abbatis
407 2005 449 2044 et
468 2004 700 2044 conventus
721 2015 768 2041 ac
798 1999 1044 2041 monasterii
1074 2013 1161 2041 non
1195 1999 1406 2040 modicum
1438 1997 1743 2039 detrimentum
1775 2012 1901 2053 super
1931 2013 2014 2053 quo
2044 1999 2175 2042 iidem

221 2092 351 2136 abbas
371 2100 413 2134 et
434 2096 666 2134 conventus
686 2091 912 2146 apostolice
934 2090 1045 2132 sedis
1070 2090 1307 2132 remedium
1338 2088 1633 2144 implorarunt.
1697 2087 1904 2133 Quocirca
1934 2089 2178 2132 discretioni

222 2188 296 2226 tue
316 2198 391 2239 per
411 2182 640 2238 apostolica
661 2182 816 2236 scripta
837 2182 1091 2223 mandamus
1114 2214 1122 2222 .
1147 2179 1350 2235 quatinus
1372 2193 1517 2221 omnes
1537 2177 1789 2234 hujusmodi
1819 2178 2004 2221 occultos
2033 2194 2174 2235 aspor-

220 2279 378 2317 tatores
410 2307 419 2316 .
452 2281 493 2316 et
524 2274 764 2315 detentores
794 2272 1054 2314 decimarum
1083 2270 1304 2313 fructuum
1333 2269 1580 2312 reddituum
1610 2272 1897 2324 proventuum
1927 2274 1970 2312 et
1994 2270 2175 2313 aliorum

222 2365 431 2408 bonorum
451 2365 736 2420 predjotomm
757 2397 766 2405 .
791 2370 832 2404 et
853 2363 1030 2404 scientes
1051 2377 1100 2403 ea
1121 2361 1281 2403 occulte
1312 2360 1494 2402 detineri
1526 2374 1578 2401 ex
1609 2364 1730 2414 parte
1759 2364 1904 2402 nostra
1932 2360 2100 2416 publice
2128 2361 2175 2404 in

222 2456 405 2499 ecclesiis
426 2470 565 2497 coram
585 2454 742 2510 populo
763 2469 837 2510 per
857 2460 899 2495 te
919 2454 987 2495 vel
1007 2453 1142 2494 alium
1175 2466 1349 2494 moneas
1377 2455 1425 2493 ut
1457 2449 1571 2492 infra
1603 2454 1913 2506 competentem
1942 2452 2175 2494 terminum

224 2562 352 2603 quem
387 2546 446 2588 eis
486 2545 703 2602 prefixeris
739 2559 787 2586 ea
822 2544 997 2600 prefatis
1031 2543 1176 2586 abbati
1209 2548 1251 2585 et
1284 2542 1513 2584 conventui
1546 2556 1570 2583 a
1604 2557 1646 2583 se
1687 2541 1832 2583 debita
1870 2543 2099 2585 restituant
2133 2546 2178 2586 et

222 2637 411 2680 revelent
442 2651 489 2678 ac
520 2637 572 2678 de
602 2636 704 2691 ipsis
733 2635 905 2690 plenam
937 2644 977 2676 et
1008 2634 1197 2676 debitam
1222 2632 1555 2675 satisfactionem
1577 2633 1828 2688 impendant
1853 2666 1861 2674 .
1884 2636 1926 2675 et
1947 2633 1982 2675 si
2012 2634 2057 2676 id
2086 2649 2175 2676 non

223 2727 551 2784 adimpleverint
570 2726 683 2769 infra
706 2726 838 2768 alium
858 2730 1168 2782 competentem
1188 2724 1421 2767 terminum
1453 2738 1582 2779 quem
1610 2723 1670 2766 eis
1701 2724 1756 2765 ad
1785 2723 1864 2766 hoe
1893 2726 2174 2780 peremptorie

222 2818 394 2861 duxeris
428 2817 725 2874 prefigendum
764 2823 920 2858 extunc
960 2816 1006 2858 in
1042 2831 1112 2857 eos
1151 2815 1393 2870 generalem
1430 2814 1877 2857 excommunicationis
1915 2815 2174 2858 sentenciam

223 2909 412 2965 proferas
435 2942 443 2950 .
467 2912 509 2950 et
530 2922 625 2949 eam
645 2907 776 2949 facias
802 2906 877 2949 ubi
907 2916 949 2948 et
977 2907 1147 2962 quando
1178 2905 1378 2961 expedire
1407 2904 1564 2946 videris
1595 2918 1728 2959 usque
1758 2905 1812 2946 ad
1843 2905 2175 2948 satisfactionem

222 2999 482 3055 condignam
502 2997 745 3041 solemniter
765 2997 985 3053 publicari.
