2386 3645
1945 246 2054 288 1345

1047 478 1244 523 MXLV.

171 585 552 633 QUIT-CLAIM
611 584 700 628 BY
759 583 934 637 NEST,
995 584 1355 629 DAUGHTER
1423 586 1503 629 OF
1569 587 1965 647 JOR[WORTH]
2037 590 2119 634 ΑΡ

316 674 748 734 KENJEWREOE,
786 674 865 718 OF
915 674 1153 719 RIGHTS
1196 676 1274 719 ΤΟ
1315 676 1525 721 LANDS
1569 677 1704 722 AND
1744 678 2122 724 TENEMENTS

317 768 391 812 IN
451 767 584 811 THE
655 766 893 811 PARISH
962 766 1042 810 OF
1109 767 1571 823 LLANTRISANT,
1628 769 1705 813 ΤΟ
1772 770 1980 814 GRONO
2044 771 2126 815 ΑΡ

318 859 473 905 IVOR
522 858 658 902 HIR.

993 915 1175 974 [CARNE
1204 916 1325 975 MS]

1319 1010 1374 1052 12
1406 1009 1534 1053 SEPT.
1597 1011 1623 1053 3
1654 1010 1789 1053 Rmn.
1822 1010 1886 1054 II.
1949 1012 2073 1054 1379.

236 1117 391 1161 Pateat
425 1117 635 1161 universis
668 1131 744 1173 per
777 1119 994 1173 presentes
1027 1131 1096 1159 me
1137 1116 1275 1160 NEsT’
1317 1117 1452 1161 filiam
1490 1117 1520 1162 J
1523 1118 1591 1160 OR’
1634 1133 1688 1175 ap
1727 1117 1850 1161 KEN’
1891 1118 2136 1162 concessisse

177 1210 386 1253 remisisse
415 1209 626 1252 relaxasse
657 1211 701 1251 et
730 1208 905 1251 omnino
939 1223 1017 1264 pro
1043 1223 1112 1250 me
1140 1211 1183 1251 et
1206 1208 1432 1252 heredibus
1463 1209 1568 1252 meis
1598 1209 1914 1266 imperpetuum
1945 1210 2136 1265 quietum

182 1303 382 1345 clamasse
418 1300 577 1345 GRONO
611 1315 665 1356 ap
698 1300 814 1344 Ivon
845 1299 947 1343 Hm
981 1299 1208 1343 heredibus
1239 1303 1284 1343 et
1323 1300 1551 1357 assignatis
1582 1301 1668 1343 suis
1707 1303 1846 1343 totum
1885 1300 1957 1357 jus
1994 1315 2138 1343 meum

181 1395 226 1436 et
246 1393 456 1436 clameum
476 1393 590 1448 quod
610 1391 746 1435 habeo
765 1391 899 1434 habui
919 1406 993 1434 seu
1013 1391 1156 1447 aliquo
1176 1392 1302 1434 modo
1323 1368 1515 1435 decetero
1534 1391 1690 1434 habere
1709 1394 1855 1448 potero
1875 1392 1922 1434 in
1943 1390 2139 1434 omnibus

182 1484 307 1527 terris
326 1486 370 1527 et
389 1483 644 1527 tenementis
664 1483 798 1539 pratis
818 1482 1003 1539 pasturis
1023 1481 1159 1525 boscis
1179 1482 1309 1525 vastis
1334 1497 1431 1525 cum
1451 1481 1649 1525 omnibus
1678 1482 1764 1524 suis
1792 1482 2064 1538 pertinenciis
2093 1481 2140 1523 in

183 1574 384 1633 parochia
404 1576 457 1618 de
478 1574 766 1617 LANTRISSEN
787 1574 833 1616 in
854 1573 979 1617 feodo
1000 1574 1053 1616 de
1085 1572 1273 1616 GLOUR'.
1336 1572 1409 1615 Ita
1437 1574 1551 1629 quod
1575 1588 1654 1615 nec
1681 1588 1761 1629 ego
1785 1572 1974 1628 predicta
1998 1571 2136 1615 NEsr'

185 1682 263 1711 nec
294 1666 469 1710 heredes
500 1666 586 1708 mei
618 1681 696 1709 nec
731 1666 887 1722 aliquis
919 1665 1028 1708 alius
1062 1668 1206 1708 nostro
1241 1664 1413 1707 nomine
1445 1664 1620 1721 aliquod
1658 1664 1729 1721 jus
1757 1664 1828 1707 vel
1854 1664 2063 1706 clameum
2094 1663 2142 1705 in

187 1758 385 1802 omnibus
404 1758 528 1800 terris
547 1757 804 1800 tenementis
823 1757 957 1813 pratis
978 1757 1162 1812 pasturis
1188 1755 1323 1799 boscis
1353 1755 1485 1798 vastis
1516 1755 1714 1811 predictis
1745 1770 1841 1797 cum
1870 1753 2142 1811 pertinenciis

187 1853 334 1906 potero
354 1850 526 1905 exigere
545 1849 614 1893 vel
634 1849 858 1892 vendicare
879 1849 926 1891 in
950 1848 1148 1891 futurum
1175 1854 1239 1890 set
1265 1847 1365 1890 inde
1387 1846 1440 1889 ab
1462 1846 1578 1889 omni
1603 1846 1767 1889 actione
1781 1846 1891 1901 juris
1920 1848 1963 1889 et
1994 1846 2142 1888 clamei

186 1942 322 1986 simus
356 1941 518 1985 exclusi
551 1956 628 1997 per
660 1943 889 1997 presentes.
968 1939 1024 1982 In
1060 1939 1183 1996 cujus
1217 1939 1279 1982 rei
1319 1938 1611 1981 testimonium
1645 1937 1745 1980 huic
1776 1937 1962 1993 presenti
2002 1937 2146 1992 quieto

189 2033 349 2076 clameo
371 2033 563 2089 sigillum
583 2047 728 2075 meum
747 2032 938 2089 apposui.
1000 2031 1104 2073 Hiis
1123 2029 1302 2073 testibus
1325 2064 1333 2072 .
1358 2029 1507 2072 IEVAN
1534 2044 1588 2086 ap
1611 2028 1770 2072 GRONo
1791 2043 1844 2084 ap
1865 2027 1962 2070 IOR'
1987 2062 1996 2070 .
2022 2027 2144 2070 REEs

191 2124 397 2170 VAGHAN
433 2139 487 2180 ap
524 2124 648 2167 Rms
682 2123 868 2167 GETHm
902 2156 911 2166 .
950 2122 1086 2165 Hom,
1121 2121 1259 2165 VAUR
1296 2155 1305 2163 .
1343 2121 1499 2163 DAvm
1531 2135 1585 2176 ap
1619 2119 1853 2162 LEWELYN
1890 2133 1943 2175 ap
1977 2118 2098 2161 REEs
2132 2152 2140 2161 .

192 2215 407 2259 ITHENER
435 2230 490 2271 ap
521 2214 673 2257 IEVAN
702 2229 756 2270 ap
787 2214 950 2256 MADoc
982 2247 991 2256 .
1023 2212 1187 2255 MAnoc
1208 2227 1261 2267 ap
1283 2210 1445 2254 TUDER
1469 2245 1477 2253 .
1501 2210 1651 2252 IEVAN
1672 2224 1725 2265 ap
1746 2209 1882 2252 ARON
1904 2242 1914 2251 .
1937 2211 1979 2251 et
1999 2208 2147 2250 multis

192 2307 300 2350 aliis.

249 2399 417 2442 Datum
448 2399 565 2455 apud
599 2397 888 2440 LANTRISSEN
923 2395 1076 2452 xiJ'mo
1110 2394 1179 2437 die
1214 2393 1371 2436 mensis
1406 2391 1667 2449 Septembris
1706 2406 1818 2434 anno
1857 2391 1980 2447 regni
2013 2390 2146 2446 Regis

194 2491 392 2535 RICARDI
413 2489 588 2533 secundi
608 2492 704 2546 post
724 2490 1002 2544 conquestum
1022 2486 1164 2529 tercio.

253 2582 390 2625 Small
409 2582 496 2625 seal
516 2581 562 2624 of
591 2596 722 2637 green
743 2595 850 2623 wax.
911 2577 1085 2630 Device,
1106 2579 1191 2620 two
1211 2576 1328 2619 birds
1347 2575 1516 2631 billing.

254 2672 554 2730 Legend—‘s.
586 2685 726 2713 NESTE
760 2704 768 2712 .
804 2703 812 2712 .
847 2703 856 2712 .
892 2669 917 2713 .'

259 2764 352 2801 Nest,
366 2764 423 2793 the
446 2762 607 2800 daughter
630 2762 663 2791 of
685 2761 857 2798 Iorworth,
874 2760 900 2790 is
921 2760 1106 2796 unknown3
1128 2758 1188 2787 but
1210 2757 1321 2787 Grono
1342 2765 1384 2794 ap
1405 2756 1483 2786 Ivor
1501 2755 1562 2784 Hir
1584 2763 1649 2784 was
1673 2754 1707 2783 of
1729 2753 1851 2782 Miskin
1872 2752 1905 2782 in
1927 2751 2140 2790 Llantrisant,

208 2820 272 2850 and
287 2829 306 2848 a
321 2828 399 2857 very
414 2818 635 2848 considerable
650 2826 777 2856 person.
819 2816 870 2846 He
885 2815 1022 2846 married
1037 2814 1225 2851 Katherine,
1241 2813 1357 2842 second
1372 2812 1533 2849 daughter
1547 2810 1611 2839 and
1627 2809 1734 2839 coheir
1751 2809 1785 2839 of
1806 2808 1927 2838 Jenkin
1946 2808 2018 2837 Fitz
2037 2809 2138 2846 Aron,

210 2875 369 2914 probably
391 2874 447 2904 the
472 2874 574 2904 Ievan
599 2883 640 2911 ap
666 2873 757 2903 Aron
772 2873 806 2902 of
828 2872 883 2902 the
907 2871 1084 2908 witnesses,
1100 2870 1171 2899 lord
1197 2870 1230 2899 of
1253 2869 1374 2905 Brigan
1394 2868 1429 2896 in
1451 2867 1663 2904 Llansannor,
1678 2865 1740 2894 and
1763 2865 1797 2894 of
1818 2864 2019 2893 Llansannor
2040 2863 2141 2893 itself‘

211 2931 303 2969 They
317 2931 382 2960 had
399 2930 526 2960 Howell
539 2939 582 2967 ap
598 2929 710 2960 Grono
725 2929 758 2958 of
781 2928 994 2963 Llansannor,
1008 2927 1081 2956 who
1096 2925 1170 2956 died
1184 2925 1336 2955 childless
1351 2924 1384 2952 in
1400 2923 1454 2953 the
1475 2922 1565 2960 reign
1587 2922 1620 2951 of
1643 2920 1785 2951 Richard
1803 2920 1860 2957 11„
1879 2920 1943 2948 and
1965 2919 2144 2949 Katherine

211 2987 245 3017 of
260 2987 474 3024 Llansannor,
488 2986 545 3015 her
559 2985 719 3015 brother’s
732 2984 810 3014 heir.

412 3144 480 3178 7Τ
