2386 3645
314 294 425 336 1542

256 517 332 558 pro
363 501 485 545 nobis
512 504 556 544 et
589 499 817 543 heredibus
840 498 995 541 nostris
1025 498 1218 554 quietum
1249 498 1449 539 clamasse
1479 495 1771 539 WENLLIANE
1802 509 1897 536 verz
1926 493 1956 536 J
1959 507 2117 535 ANKYN
2148 507 2203 549 ap

258 593 460 636 OSSYRAG
495 591 723 635 heredibus
760 594 802 634 et
843 589 1069 646 assignatis
1108 589 1193 631 suis
1232 590 1372 630 totum
1412 587 1483 643 jus
1524 589 1718 629 nostrum
1759 588 1801 627 et
1841 585 2050 626 clameum
2089 585 2204 639 quod

257 684 462 727 habemus
491 683 719 726 habuimus
750 697 824 724 seu
855 681 1130 737 quovismodo
1160 679 1437 734 imposterum
1477 676 1632 719 habere
1671 675 1904 732 poterimus
1934 674 1980 716 in
2009 676 2100 717 tota
2129 674 2206 717 ina

256 776 485 819 medietate
501 775 693 818 omnium
708 777 917 816 terrarum
933 773 1274 814 tenementorum
1289 769 1508 812 boscorum
1524 772 1739 810 vastorum
1755 782 1803 809 ac
1819 766 2009 809 omnium
2025 766 2205 808 aliorum

254 867 603 910 aisiamentorum
645 881 741 908 cum
771 865 856 907 suis
887 862 1157 919 pertinenciis
1188 862 1233 903 in
1269 860 1467 903 OOITIFF'
1510 863 1552 901 et
1588 859 1690 901 alibi
1725 858 1840 900 infra
1876 858 2115 900 dominium
2150 858 2202 900 de

258 958 457 1001 COITIFF’
490 959 704 1014 quondam
736 957 941 999 ROBERTI
974 954 1216 997 KAYRELIL
1250 985 1259 995 .
1291 954 1353 994 ita
1388 953 1502 1008 quod
1537 966 1614 993 nec
1646 950 1826 1007 predicti
1861 950 2123 992 EnwARsz
2164 952 2206 992 et

256 1050 286 1094 J
288 1064 497 1092 OHANNES
529 1065 605 1092 nec
635 1049 809 1090 heredes
839 1047 972 1089 nostri
1003 1060 1080 1087 nec
1111 1044 1264 1099 aliquis
1295 1043 1404 1085 alius
1440 1043 1612 1085 nomine
1647 1044 1791 1084 nostro
1826 1041 1999 1097 aliquod
2034 1040 2105 1097 jus
2139 1040 2207 1083 vel

258 1142 466 1184 clameum
487 1141 586 1182 inde
607 1141 798 1182 decetero
820 1138 989 1194 exigere
1009 1136 1077 1178 vel
1097 1135 1319 1177 vendicare
1340 1134 1573 1190 poterimus
1594 1136 1655 1176 set
1687 1132 1739 1175 ab
1761 1132 1878 1175 omni
1909 1132 2078 1174 accione
2097 1131 2207 1188 juris

258 1235 301 1275 et
336 1231 485 1274 clamei
521 1231 651 1273 simus
683 1228 843 1272 exclusi
878 1243 953 1283 per
993 1229 1220 1282 presentes.
1294 1224 1356 1266 Et
1395 1239 1471 1266 nos
1507 1239 1606 1266 vero
1645 1223 1825 1279 predicti
1865 1222 2128 1264 EDWARDUS
2167 1224 2211 1264 et

258 1323 288 1367 J
291 1337 501 1365 OHANNES
522 1324 564 1364 et
584 1322 758 1363 heredes
778 1319 911 1361 nostri
940 1321 1075 1360 totam
1105 1317 1226 1358 illam
1256 1316 1529 1358 medietatem
1560 1315 1751 1356 omnium
1781 1316 1991 1355 terrarum
2021 1315 2064 1354 et
2093 1316 2209 1355 tene-

257 1417 499 1457 mentorum
520 1412 740 1455 boscorum
762 1414 981 1453 vastorum
1002 1424 1049 1450 30
1071 1408 1262 1450 omnium
1284 1407 1464 1448 aliorum
1495 1406 1843 1448 aisiamentorum
1874 1419 1970 1446 cum
2002 1404 2087 1446 suis
2117 1419 2210 1460 per-

257 1504 454 1548 tinenciis
483 1504 529 1545 in
561 1501 759 1545 OOITIFF'
792 1504 834 1543 et
864 1500 967 1542 alibi
1008 1499 1124 1541 infra
1164 1498 1404 1540 dominium
1439 1498 1491 1539 de
1532 1496 1731 1538 COITIFF'
1775 1496 1992 1551 quondam
2031 1494 2212 1551 predicti

258 1596 462 1638 Romam
499 1594 741 1637 KAYRELIL
782 1592 970 1649 predicte
1011 1591 1304 1634 WENLLIANE
1337 1588 1564 1631 heredibus
1598 1594 1642 1630 et
1676 1587 1903 1643 assignatis
1939 1586 2025 1629 suis
2066 1589 2213 1629 contra

258 1702 403 1729 omnes
433 1688 582 1742 gentes
613 1683 983 1726 warantizabimus
1018 1680 1354 1737 acquietabimus
1384 1682 1427 1722 et
1455 1680 1772 1736 imperpetuum
1802 1678 2092 1721 defendemus.
2155 1676 2212 1719 In

259 1778 381 1834 cujus
414 1777 476 1819 rei
503 1775 797 1819 testim0nium
829 1773 1096 1830 presentibus
1133 1772 1275 1828 sigiHa
1311 1774 1455 1814 nostra
1487 1771 1772 1827 apposuimus.
1854 1769 1958 1811 Hiis
1991 1768 2170 1811 testibus
2202 1801 2212 1812 .

258 1869 502 1913 JORVARTH
542 1867 742 1910 VAGHAN
790 1899 797 1907 .
841 1865 871 1908 J
874 1878 1032 1906 OHANN
1072 1864 1112 1906 le
1162 1863 1293 1905 EYRE
1346 1896 1355 1904 .
1410 1862 1669 1906 WILLELMO
1715 1860 1845 1904 GREY
1899 1895 1907 1902 .
1960 1860 1990 1903 J
1994 1874 2114 1902 EVAN
2159 1874 2213 1916 ap

260 1959 522 2002 BRERAUGH
545 1993 553 2001 .
577 1958 606 2001 J
609 1971 797 2000 oHANNE
820 1956 977 1999 BRoDE
1001 1958 1044 1997 et
1063 1955 1211 1997 mustis
1237 1954 1343 1996 aliis.

316 2050 482 2093 Datum
515 2050 629 2105 apud
652 2046 850 2090 OO1T1FF'
873 2048 1024 2103 quarto
1046 2046 1115 2088 die
1135 2045 1165 2088 J
1169 2045 1260 2087 unii
1281 2059 1394 2086 anno
1414 2044 1538 2100 regni
1571 2043 1706 2100 Regis
1737 2042 1943 2085 HENmm
1975 2041 2084 2084 sexti
2116 2043 2212 2097 post

263 2144 540 2197 conquestum
561 2143 720 2182 octavo,

323 2232 426 2275 Two
448 2232 554 2274 seals
574 2232 620 2273 in
639 2231 714 2272 red
736 2245 842 2271 wax.
904 2229 949 2271 A
969 2228 1122 2271 canted
1153 2227 1289 2269 shield
1319 2227 1596 2269 surmounted
1617 2226 1676 2281 by
1697 2241 1722 2268 a
1743 2226 1831 2268 side
1852 2224 1968 2267 helm
1989 2224 2076 2266 and
2097 2225 2217 2275 orest,

265 2327 410 2380 astag.
473 2322 653 2379 Legend
682 2321 855 2363 effaoed.
917 2319 1009 2362 The
1030 2319 1165 2361 whole
1186 2318 1337 2360 within
1359 2333 1384 2359 a
1404 2317 1563 2360 wreath
1586 2317 1631 2359 of
1650 2318 1781 2359 reeds.
1843 2315 2036 2368 Sinister,
2067 2314 2219 2357 within

268 2431 294 2458 a
314 2415 475 2457 similar
495 2413 667 2456 wreath.
729 2412 896 2468 Design
917 2410 1090 2453 effaced.
1153 2409 1275 2452 Deed
1295 2409 1397 2465 poll.

329 2506 623 2548 Endorsed—‘
642 2503 868 2547 Relaxatio
889 2503 941 2545 de
962 2502 1084 2544 terris
1103 2501 1149 2543 in
1172 2500 1335 2556 Ooytyf
1365 2501 1534 2543 cuidam
1556 2499 1802 2544 Wenlliane
1823 2514 1872 2540 vz
1893 2498 1922 2541 J
1925 2497 2101 2553 ankyn’

334 2597 391 2634 Vz,
420 2596 537 2634 Verch,
564 2595 662 2633 ferch,
687 2604 722 2624 or
750 2603 837 2623 more
865 2593 1024 2631 correctly
1053 2592 1193 2621 without
1221 2591 1327 2621 initia]
1351 2592 1523 2629 mutation,
1549 2591 1666 2629 merch,
1692 2591 1717 2619 is
1740 2590 1853 2620 Welsh
1875 2590 1925 2619 for
1945 2599 1963 2618 a
1985 2589 2153 2626 daughter,
2175 2597 2212 2617 as

287 2653 400 2692 ‘map‚'
424 2653 501 2691 ‘ap'
524 2661 558 2681 or
574 2651 649 2681 ‘ab'
672 2652 723 2680 for
744 2661 762 2679 a
778 2660 845 2679 son.
