2386 3645
1944 275 2054 316 1389

167 485 242 527 per
261 469 386 513 breve
407 471 521 513 istud
541 471 650 526 petit
670 485 812 513 versus
832 471 972 527 ipsum
991 475 1148 514 terram
1169 474 1221 514 de
1244 473 1416 516 GowER
1435 475 1481 518 in
1510 476 1706 519 WALmA
1735 492 1821 520 non
1854 480 2105 524 declarando

166 562 354 618 aliquam
394 566 551 605 certam
585 563 870 618 quantitatem
902 578 977 619 per
1011 564 1244 607 terminum
1275 566 1382 621 legis
1411 566 1595 609 Arte-Lm
1623 569 1828 612 usitatum
1854 573 1967 614 unde
1998 573 2105 628 petit

166 653 376 709 judicium
397 655 449 697 de
471 655 605 697 forma
624 653 763 696 brevis
782 654 962 710 predicti
983 654 1040 698 sic
1061 658 1181 698 extra
1205 656 1385 699 formam
1413 661 1456 700 et
1482 659 1713 702 terminum
1744 661 1851 717 legis
1876 662 2102 718 impetrati.

166 744 228 787 Et
267 760 402 788 comes
441 745 545 788 dicit
583 747 632 787 ut
672 745 790 800 prius
821 745 934 800 quod
975 749 1088 788 terra
1128 747 1181 789 de
1218 746 1390 789 GowER
1430 751 1473 791 et
1513 752 1696 792 castrum
1735 752 1971 805 predictum
2006 757 2104 796 sunt

166 837 380 893 quoddam
400 850 608 892 magnum
627 835 866 878 dominium
886 837 941 878 ad
962 850 1044 892 que
1065 837 1230 880 diversa
1249 838 1451 896 homagia
1469 840 1661 883 redditus
1690 842 1863 884 servicia
1894 842 2106 886 libertates

165 930 208 970 et
229 928 312 970 alia
332 930 432 969 sunt
453 927 702 982 spectancia.
764 926 906 974 Quam
928 928 1101 984 quidem
1123 932 1278 972 terram
1298 930 1344 972 in
1371 931 1584 974 dominico
1614 935 1657 974 et
1686 933 1860 975 servicio
1891 948 1977 975 una
2011 948 2105 976 cum

165 1023 300 1062 castro
334 1019 522 1074 predicto
557 1019 646 1074 ipse
682 1019 836 1062 clamat
866 1022 1009 1062 tenere
1046 1021 1098 1063 de
1132 1022 1305 1064 domino
1334 1022 1455 1078 Rege
1481 1023 1528 1065 in
1564 1023 1700 1079 capite
1733 1028 1775 1066 et
1809 1039 1859 1066 ea
1889 1028 2107 1081 tamquam

163 1111 379 1167 quoddam
418 1110 656 1152 dominium
696 1110 914 1166 integrum
954 1110 1000 1152 in
1036 1110 1233 1154 WAmA
1274 1113 1327 1154 de
1362 1113 1535 1156 domino
1568 1113 1689 1169 Rege
1724 1115 1907 1157 ANGLIE
1939 1119 2106 1158 tentum

163 1202 349 1245 intendit
370 1217 444 1258 per
463 1201 589 1244 breve
610 1216 735 1244 suum
755 1202 992 1258 predictum
1012 1202 1058 1245 in
1090 1204 1207 1246 curia
1237 1204 1371 1261 Regis
1402 1204 1471 1248 hic
1505 1220 1748 1262 recuperare
1779 1221 1852 1262 per
1879 1207 1992 1261 quod
2018 1207 2107 1262 ipse

163 1294 282 1337 aliud
320 1293 447 1336 breve
487 1294 542 1335 ad
580 1293 842 1349 exigendum
881 1296 925 1336 et
964 1296 1300 1350 recuperandum
1341 1299 1481 1339 totum
1517 1296 1755 1339 dominium
1789 1298 2025 1353 predictum
2059 1302 2108 1340 ut

163 1386 402 1442 predictum
423 1384 661 1427 esthabere
680 1399 758 1427 nec
787 1400 862 1440 per
889 1385 1007 1427 aliud
1039 1401 1195 1428 nomen
1223 1401 1298 1429 nec
1323 1388 1406 1430 alio
1436 1388 1563 1430 modo
1593 1391 1750 1430 terram
1781 1388 1901 1431 illam
1939 1389 2107 1445 exigere

162 1492 249 1520 non
269 1480 419 1533 potest.
484 1478 541 1518 Et
575 1477 788 1531 predictus
811 1476 841 1520 J
844 1490 1054 1519 OHANNES
1084 1477 1327 1532 placitando
1351 1493 1438 1520 non
1473 1479 1633 1534 allegat
1666 1479 1853 1534 aliquam
1886 1480 2107 1536 specialem

161 1584 236 1625 per
256 1583 384 1624 quam
405 1568 578 1624 aliquod
599 1567 717 1610 aliud
738 1567 863 1610 breve
883 1582 959 1623 per
979 1568 1109 1610 aliam
1130 1569 1385 1611 demandam
1405 1569 1443 1611 ei
1465 1569 1674 1612 deservire
1693 1570 1837 1625 possit.
1898 1569 2031 1613 Unde
2060 1571 2105 1612 in

159 1659 238 1703 hoc
278 1675 377 1702 casu
416 1659 452 1701 si
490 1659 617 1702 breve
657 1658 773 1700 istud
806 1661 1015 1701 cassatum
1050 1658 1212 1710 fuisset,
1250 1662 1343 1711 etc„
1383 1660 1473 1715 ipse
1512 1675 1537 1702 a
1577 1675 1829 1716 quocunque
1867 1662 1950 1704 alio
1989 1661 2106 1704 brevi

160 1751 375 1808 preclusus
395 1753 502 1792 esset
522 1753 565 1791 et
586 1750 643 1792 sic
664 1749 718 1792 ab
739 1750 855 1792 omni
876 1750 1043 1792 accione
1065 1765 1140 1792 sua
1161 1754 1339 1793 amotus.
1402 1751 1462 1794 Et
1489 1766 1542 1794 ex
1572 1766 1656 1807 quo
1685 1752 1890 1807 placitum
1920 1752 2030 1794 illud
2059 1752 2106 1794 in

161 1841 279 1884 brevi
299 1842 352 1884 de
378 1844 492 1883 recto
520 1841 661 1896 ipsum
692 1841 889 1883 comitem
919 1839 973 1883 ab
1002 1841 1170 1883 accione
1200 1855 1276 1884 sua
1305 1842 1550 1897 precludere
1577 1857 1664 1884 non
1693 1845 1843 1898 potest.
1904 1843 1966 1885 Et
1994 1842 2108 1885 idem

162 1932 191 1976 J
194 1946 404 1975 OHANNES
423 1932 478 1974 ad
499 1931 624 1973 breve
644 1945 721 1973 nec
741 1931 797 1973 ad
816 1931 1030 1973 accionem
1046 1946 1165 1973 suam
1181 1934 1407 1988 respondet
1422 1933 1531 1988 petit
1547 1933 1744 1976 seisinam
1760 1933 1840 1976 sibi
1857 1933 2107 1989 adjudicari,

161 2027 238 2066 etc.
299 2022 360 2065 Et
380 2022 410 2065 J
412 2036 622 2064 OHANNES
642 2022 746 2064 dicit
768 2023 881 2078 quod
901 2022 990 2078 ipse
1011 2038 1097 2065 non
1119 2023 1296 2078 placitat
1316 2025 1370 2066 ad
1391 2024 1509 2067 aliud
1529 2024 1728 2067 effectum
1749 2024 1832 2067 nisi
1852 2026 1907 2067 ad
1927 2025 2108 2067 formam

160 2112 299 2156 brevis
337 2113 530 2168 predicti,
571 2116 649 2156 etc.
729 2112 791 2155 Et
829 2113 938 2169 petit
977 2113 1187 2169 judicium
1228 2115 1280 2157 de
1314 2114 1453 2157 forma
1486 2115 1625 2158 brevis
1659 2115 1824 2158 ratione
1860 2130 1934 2171 per
1969 2116 2108 2171 ipsum

162 2203 353 2259 superius
373 2203 569 2259 allegata.
632 2203 693 2245 Et
714 2203 748 2246 si
769 2204 966 2246 videatur
982 2205 1094 2247 curie
1115 2204 1240 2247 breve
1262 2206 1500 2261 predictum
1520 2206 1611 2249 fore
1631 2206 1841 2249 sufficiens
1861 2209 1903 2248 et
1927 2206 2104 2248 formale

161 2293 207 2336 in
242 2293 320 2336 hoc
360 2309 458 2336 casu
496 2298 670 2349 paratus
709 2300 771 2338 est
808 2295 894 2337 alia
929 2295 1078 2346 dicere,
1117 2299 1193 2338 etc.
1256 2296 1317 2338 Et
1351 2311 1477 2352 super
1509 2297 1588 2340 hoc
1622 2298 1783 2340 dictum
1816 2300 1879 2339 est
1918 2297 2106 2352 predicto

164 2385 194 2428 J
196 2399 372 2427 οΗΑΝΝΙ
393 2400 467 2440 per
486 2384 770 2441 justiciarium
791 2388 905 2442 quod
925 2387 1104 2430 ulterius
1125 2389 1376 2443 respondeat
1397 2388 1444 2438 si,
1467 2391 1559 2440 etc,
1582 2403 1667 2430 non
1694 2388 1887 2430 obstante
1916 2388 2103 2443 calump-

160 2477 234 2518 nia
252 2476 453 2532 predicta.
515 2475 576 2518 Et
595 2476 710 2519 idem
729 2477 758 2519 J
761 2491 971 2519 OHANNES
991 2477 1185 2521 defendit
1205 2478 1277 2534 jus
1297 2493 1420 2521 suum
1442 2480 1626 2534 quando,
1649 2482 1724 2521 etc.
1787 2478 1846 2521 Et
1867 2479 1970 2521 dicit
1991 2479 2104 2534 quod

158 2566 284 2609 breve
305 2567 357 2609 de
377 2566 543 2622 precipe
565 2568 678 2622 quod
698 2568 850 2610 reddat
879 2569 934 2610 ad
966 2568 1130 2624 peciam
1161 2571 1271 2611 terre
1307 2584 1380 2611 seu
1411 2573 1702 2612 tenementum
1738 2584 1824 2612 non
1856 2573 1918 2612 est
1952 2584 2102 2611 manu-

157 2658 393 2700 tenendum
411 2671 487 2712 per
506 2657 646 2713 legem
665 2660 775 2700 terre
795 2659 878 2700 nisi
898 2659 1109 2701 demanda
1130 2659 1204 2702 fiat
1226 2660 1272 2702 in
1293 2660 1436 2716 aliqua
1458 2663 1571 2703 certa
1590 2660 1693 2702 villa
1721 2675 1795 2703 seu
1824 2661 1876 2702 de
1903 2659 2102 2702 maneriis

158 2749 226 2791 vel
244 2747 505 2804 hujusmodi.
567 2747 627 2789 Et
647 2749 861 2804 predictus
882 2764 1020 2792 comes
1039 2764 1115 2806 per
1134 2751 1374 2806 predictum
1395 2751 1521 2793 breve
1542 2766 1667 2794 suum
1688 2751 1796 2807 petit
1828 2765 1971 2793 versus
2003 2765 2100 2793 eum

158 2841 341 2881 castrum
391 2838 628 2893 predictum
668 2841 711 2881 et
749 2841 907 2882 terram
947 2841 999 2883 de
1041 2839 1211 2883 Gowm
1251 2856 1347 2883 cum
1385 2841 1653 2896 pertinentiis
1692 2841 1739 2883 in
1779 2840 1975 2884 WALLIA
2014 2856 2099 2883 non

157 2928 350 2971 faciendo
370 2928 625 2970 demandam
646 2928 692 2971 in
722 2929 826 2971 villa
856 2945 933 2973 nec
964 2931 1010 2972 in
1046 2931 1159 2974 villis
1190 2935 1316 2987 prout
1351 2931 1581 2987 requiritur
1609 2932 1724 2973 unde
1755 2931 1863 2987 petit
1889 2931 2099 2987 judicium

159 3021 211 3063 de
232 3018 540 3073 formagbrevia
562 3022 638 3062 etc.
