2386 3645
1907 288 2017 330 1585

138 505 192 547 ap
225 490 416 534 JANKYN
446 491 623 543 KEMYS,
664 493 729 533 etc
733 523 1003 534 .......
1040 491 1225 533 ANGLIE
1265 493 1447 534 secundo
1491 491 1599 548 [A.D.
1634 492 1766 550 1424]
1803 527 2073 537 .......

140 580 425 625 WILLELMUS
455 581 608 624 ΤΕοΚο
629 581 846 634 attornati,
867 584 945 624 etc.

196 671 321 716 With
343 673 580 729 fragments
601 671 646 715 of
674 672 794 714 three
818 671 936 714 seals.

980 961 1249 1006 MCLXIII.

139 1069 356 1114 GRANT
389 1069 474 1112 BY
515 1069 726 1113 JEVAN
761 1069 844 1112 ΑΡ
878 1069 1244 1114 LLEWELYN
1285 1070 1451 1113 GOUZ
1490 1070 1566 1114 ΤΟ
1607 1071 1843 1116 HOWEL
1874 1072 2085 1116 CARNE

335 1160 414 1203 OF
449 1159 628 1203 LAND
665 1160 800 1203 AND
832 1160 1223 1204 TENEMENTS
1264 1161 1337 1205 IN
1377 1161 1903 1205 LLAMBLETHIAN.

954 1268 1134 1325 [CARNE
1165 1268 1284 1326 MS]

1220 1377 1272 1419 21
1300 1376 1410 1420 DEc.
1472 1378 1527 1419 20
1556 1377 1730 1420 HENRY
1757 1377 1839 1421 VI.
1903 1378 2028 1420 1441.

196 1485 342 1530 Sciant
362 1488 576 1542 presentes
596 1487 640 1527 et
659 1484 799 1527 futuri
819 1485 934 1540 quod
964 1500 1044 1541 ego
1073 1484 1102 1528 J
1105 1500 1281 1528 EVANUS
1306 1500 1360 1542 ap
1386 1484 1649 1528 LLEWELYN
1677 1485 1800 1528 Gonz
1831 1485 1936 1529 alias
1964 1485 2087 1528 MAP’

139 1577 282 1619 DHUE
304 1576 403 1619 dedi
424 1576 606 1619 concessi
627 1578 668 1619 et
699 1575 778 1618 hac
803 1575 989 1632 presenti
1017 1579 1132 1618 carta
1161 1591 1256 1619 mea
1282 1576 1528 1619 confirmavi
1556 1576 1762 1619 HOWELO
1789 1575 1946 1619 CARNE
1970 1576 2088 1620 here-

140 1667 265 1711 dibus
285 1667 371 1710 suis
391 1670 434 1710 et
454 1666 681 1723 assignatis
703 1667 846 1709 omnia
867 1669 1001 1709 terras
1021 1669 1266 1710 tenementa
1285 1670 1409 1723 prata
1424 1670 1617 1723 pasturas
1636 1667 1780 1710 boscos
1797 1670 1839 1711 et
1854 1671 1973 1710 vasta
1993 1682 2090 1711 cum

139 1758 337 1802 omnibus
357 1758 444 1801 suis
463 1758 736 1814 pertinenciis
757 1773 839 1814 que
862 1757 997 1801 habeo
1013 1758 1127 1800 infra
1140 1758 1377 1801 dominium
1393 1758 1446 1800 de
1458 1757 1827 1800 LLAMBLETHIAN
1843 1758 2088 1801 habendum

139 1854 180 1894 et
201 1850 437 1892 tenendum
466 1848 654 1904 predicto
687 1848 895 1891 HOWELO
925 1848 1150 1892 heredibus
1176 1849 1261 1891 suis
1288 1852 1331 1891 et
1367 1848 1593 1904 assignatis
1623 1849 1675 1890 de
1710 1849 1882 1905 capitali
1916 1849 2089 1892 domino

140 1941 257 1984 feodi
276 1940 393 1983 illius
412 1954 487 1996 per
507 1939 699 1982 redditus
720 1942 763 1982 et
785 1939 961 1982 servicia
981 1939 1080 1981 inde
1101 1939 1244 1982 debita
1264 1941 1306 1982 et
1327 1940 1379 1981 de
1408 1939 1505 1995 jure
1534 1942 1734 1982 consueta
1759 1939 2087 1996 imperpetuum.

137 2032 200 2075 Et
220 2047 300 2088 ego
321 2046 418 2074 vero
439 2031 653 2086 predictus
675 2030 705 2073 J
708 2045 886 2073 EVANUS
907 2030 1013 2072 alias
1033 2029 1155 2072 MAP'
1177 2030 1320 2073 Dmm
1349 2033 1390 2072 et
1410 2029 1584 2072 heredes
1613 2029 1697 2072 mei
1727 2030 1870 2072 omnia
1899 2031 2089 2086 predicta

138 2126 271 2166 terras
291 2127 334 2164 et
354 2125 599 2164 tenementa
618 2125 740 2177 prata
764 2124 959 2177 pasturas
979 2121 1123 2164 boscos
1143 2124 1186 2163 et
1206 2124 1324 2163 vasta
1353 2136 1450 2164 cum
1474 2120 1671 2163 omnibus
1700 2120 1787 2163 suis
1815 2122 2089 2177 pertinenciis

138 2214 328 2272 predicto
349 2213 556 2255 Howmo
577 2211 802 2255 heredibus
823 2212 910 2254 suis
937 2215 979 2254 et
1004 2211 1230 2267 assignatis
1256 2215 1402 2254 contra
1429 2226 1574 2253 omnes
1601 2214 1750 2268 gentes
1773 2211 2087 2268 imperpetuum

138 2303 509 2348 warantizabimus
529 2306 572 2345 et
591 2303 882 2346 defendemus.
943 2302 1000 2345 In
1021 2303 1144 2359 cujus
1163 2302 1225 2345 rei
1245 2302 1537 2345 testimonium
1557 2301 1657 2344 huic
1669 2303 1854 2358 presenti
1870 2306 1981 2346 carte
1993 2318 2085 2346 mee

137 2396 330 2454 sigillum
377 2410 521 2438 meum
567 2394 757 2451 apposui.
835 2394 939 2437 Hiis
985 2392 1163 2436 testibus
1185 2427 1193 2434 .
1213 2392 1472 2437 WILLELMO
1523 2391 1824 2434 STRADLYNGE
1860 2393 2081 2449 armigero.

138 2488 167 2531 J
170 2501 358 2530 OHANNE
380 2485 550 2528 BAssET
563 2485 725 2528 seniore
743 2519 752 2529 .
774 2485 804 2528 J
806 2499 993 2527 OHANNE
1013 2484 1054 2527 le
1075 2484 1270 2527 WALsSH
1294 2517 1302 2525 .
1327 2482 1584 2526 WILLELMO
1604 2482 1811 2527 WALTER
1833 2517 1841 2525 .
1864 2484 1894 2527 J
1897 2484 2083 2526 OHANNE

137 2593 192 2635 ap
212 2577 387 2619 HENRY
408 2579 450 2619 et
470 2576 575 2618 aliis.

193 2669 358 2712 Datum
379 2668 494 2723 apud
514 2666 887 2709 LLAMBLETHIAN
909 2667 955 2708 in
976 2666 1085 2708 festo
1106 2664 1251 2708 Sancti
1273 2664 1440 2708 ΤΗΟΜΕ
1460 2664 1639 2721 apostoli
1659 2679 1771 2708 anno
1797 2665 1922 2722 regni
1949 2665 2083 2723 Regis

135 2759 342 2803 HENRICI
363 2758 473 2801 sexti
492 2760 586 2813 post
607 2760 883 2813 conquestum
903 2757 1112 2800 vicesimo.

193 2850 303 2902 Seal,
323 2850 398 2892 red
419 2863 527 2890 wax,
590 2847 745 2890 Centre
766 2851 990 2891 ornament
1010 2848 1182 2890 effaced.
1242 2847 1424 2903 Legend
1443 2849 1519 2889 not
1539 2846 1801 2902 deciphered.

195 2940 274 2970 This
288 2939 352 2969 and
367 2939 423 2968 the
437 2938 609 2976 following
623 2938 711 2976 deed,
727 2938 843 2976 giving
857 2948 966 2977 power
981 2942 1016 2968 to
1032 2939 1105 2976 give
1120 2938 1228 2975 seizin,
1242 2937 1342 2967 relate
1363 2942 1398 2967 to
1419 2937 1474 2967 the
1494 2937 1561 2966 sale
1582 2937 1646 2968 and
1667 2937 1820 2975 delivery,
1840 2937 1883 2975 by
1904 2936 1926 2966 J
1929 2946 2010 2966 evan
2031 2947 2073 2976 ap

151 2996 313 3034 Llewelyn
327 2995 417 3025 Gouz
433 3003 468 3024 or
481 2993 584 3031 Goch,
598 2992 679 3023 alias
695 2993 783 3032 Map’
800 2994 903 3032 Dhue,
919 2995 952 3023 of
973 2994 1066 3023 lands
1082 2994 1114 3023 in
1129 2993 1185 3023 the
1204 2993 1350 3031 lordship
1372 2993 1406 3022 of
1427 2992 1665 3030 Llanblethian‚
1687 2996 1721 3021 to
1742 2992 1857 3021 Howel
1879 2991 1989 3022 Carne.
2031 2993 2073 3023 Of

144 3053 202 3082 the
215 3052 393 3089 witnesseS‚
408 3049 554 3079 william
570 3049 747 3087 Stradling,
762 3049 848 3087 Esq.‚
863 3059 930 3079 was
945 3049 1106 3088 probably
1128 3050 1161 3079 of
1183 3049 1332 3088 Merthyr
1351 3049 1464 3086 Mawr,
1486 3048 1545 3096 the,
1561 3048 1648 3077 third
1670 3056 1727 3077 son
1749 3048 1782 3077 of
1804 3047 1853 3076 Sir
1873 3046 2019 3078 William
2039 3049 2074 3079 of

336 3171 407 3207 8Y
