2386 3645
1924 294 2036 335 1253

153 495 234 538 bus
252 495 299 537 in
320 494 585 537 excambium
606 497 654 536 ut
674 494 937 550 premittitur
956 494 1170 536 concessis.
1232 493 1418 537 Predicti
1439 511 1536 538 vero
1556 495 1685 538 abbas
1705 500 1746 539 et
1767 502 1997 541 conventus
2019 532 2028 542 .
2045 514 2096 542 ac

154 586 386 628 eorundem
407 600 658 627 successores
670 585 880 640 predictas
893 585 1082 639 quinque
1095 600 1210 627 acras
1225 585 1338 640 prati
1355 619 1363 627 .
1379 601 1475 627 cum
1488 586 1683 628 omnibus
1696 587 1780 629 suis
1792 588 2062 643 pertinenciis
2079 623 2090 632 .

151 676 350 733 predictis
376 676 548 718 domine
578 675 867 717 MARGARETE
891 709 899 716 .
923 678 966 717 et
993 675 1164 717 domino
1192 675 1222 717 J
1224 690 1401 718 OHANNI
1431 677 1519 718 filio
1550 676 1639 732 ejus
1662 711 1670 719 .
1694 693 1741 720 ac
1770 678 1994 721 heredibus
2016 713 2025 721 .
2048 682 2091 722 et

153 766 380 822 assignatis
399 766 531 821 ipsius
558 766 721 807 domini
748 765 777 807 J
780 779 980 807 OHANNIS
1003 765 1342 808 warantizabunt
1371 767 1674 822 acquietabunt
1703 771 1745 810 et
1775 771 1919 810 contra
1949 784 2095 812 omnes

153 857 353 899 mortales
383 856 616 898 defendent
646 856 948 912 inperpetuum
977 856 1023 898 in
1053 856 1192 899 forma
1222 857 1440 913 prelibata.
1502 857 1559 900 In
1580 858 1702 914 cujus
1721 858 1783 900 rei
1803 859 2094 902 testimonium

152 947 332 1003 predicti
372 947 545 989 domina
585 946 878 989 MARGARETA
919 952 960 989 et-
1001 947 1199 990 dominus
1238 948 1267 991 J
1270 963 1480 990 OHANNES
1519 949 1597 991 uni
1636 949 1748 1005 parti
1787 949 1911 992 istius
1951 950 2095 1006 scripti

153 1037 439 1094 cirographati
452 1053 581 1094 penes
594 1039 728 1080 diotos
744 1037 941 1080 abbatem
958 1042 1000 1080 et
1013 1042 1268 1081 conventum
1288 1039 1528 1081 remanenti
1546 1039 1687 1096 sigilla
1705 1055 1780 1082 sua
1796 1043 2095 1096 apposuerunt.

150 1129 211 1172 Et
242 1129 420 1184 predicti
442 1163 450 1171 .
476 1162 485 1171 .
508 1128 637 1171 abbas
665 1133 706 1170 et
732 1132 964 1171 conventus
994 1130 1118 1172 alteri
1144 1130 1256 1185 parti
1284 1130 1322 1186 ej
1329 1131 1476 1172 usdem
1498 1130 1642 1186 scripti
1663 1130 1948 1187 cirographati
1967 1146 2096 1187 penes

153 1220 287 1262 dictos
326 1220 543 1262 dominam
584 1220 912 1262 MARGARETAM
954 1224 996 1262 et
1037 1221 1259 1263 dominum
1299 1221 1329 1264 J
1331 1235 1556 1264 OHANNEM
1591 1221 1728 1263 fflium
1768 1221 1862 1278 ejus
1902 1221 2102 1265 existenti

154 1311 346 1368 sigillum
367 1326 491 1353 suum
512 1326 734 1353 commune
756 1312 973 1353 duxerunt
995 1313 1311 1367 apponendum.

210 1402 377 1445 Datum
398 1403 513 1458 apud
533 1402 696 1445 AvExE
718 1403 786 1444 die
810 1406 851 1444 et
873 1418 985 1444 anno
1006 1404 1269 1458 supradietis.

213 1492 316 1536 Two
337 1494 456 1546 seals,
478 1494 553 1536 red
577 1509 680 1544 wax,
703 1494 789 1548 {in

215 1585 252 1626 1.
313 1584 358 1627 A
389 1584 524 1627 shield
562 1584 606 1627 of
636 1600 747 1626 arms
780 1601 788 1627 z
821 1600 896 1640 per
925 1586 1032 1640 pale,
1065 1587 1226 1637 dexter,
1260 1601 1285 1628 a
1314 1585 1398 1627 sess
1429 1585 1618 1628 between
1649 1585 1713 1627 six
1742 1599 1853 1627 roses
1883 1618 1892 1627 .
1924 1584 2106 1636 sinister,

154 1675 274 1718 three
296 1675 510 1718 chevrons.

805 1751 864 1793 ‘s'
900 1784 908 1793 .
942 1766 1218 1794 MARGARETE
1251 1785 1259 1794 .
1293 1750 1474 1793 AVENE.’

217 1842 257 1882 2.
319 1840 364 1883 A
399 1840 535 1883 shield
571 1841 616 1883 of
653 1857 787 1883 arms:
832 1842 950 1884 three
985 1842 1200 1893 chevrons,
1237 1842 1425 1884 between
1461 1844 1546 1883 two
1579 1856 1786 1896 wyverns.
1847 1839 1997 1883 Above
2036 1839 2113 1882 the

158 1931 308 1984 shield,
331 1947 386 1974 an
406 1931 563 1988 Agnus
584 1931 679 1974 Dei.

767 2006 1495 2050 ‘S'.10H1’S.DE.A....E.’

216 2098 512 2141 Endorsed—‘
530 2098 751 2154 Margaret
782 2099 883 2140 dn⁷a
915 2101 967 2141 de
997 2100 1160 2142 Avene.
1222 2099 1404 2142 Marisco
1435 2099 1487 2141 de
1518 2113 1625 2140 aven
1647 2099 1699 2140 de
1729 2095 1866 2138 tribus
1888 2095 1994 2138 acris
2015 2110 2112 2138 cum

159 2190 263 2232 djm'
286 2189 426 2246 prati.'

894 2346 1382 2426 DOCCCLXXXVH.

160 2489 388 2533 POWER
429 2490 508 2533 OF
548 2490 892 2533 ATTORNEY
933 2490 1020 2533 BY
1060 2490 1242 2532 DAME
1282 2487 1633 2531 MARGARET
1673 2485 1935 2530 DAVENE
1972 2483 2107 2526 AND

306 2581 442 2624 ΗΕΒ,
483 2581 600 2624 SON
641 2581 809 2624 JOHN
852 2581 927 2624 TO
971 2581 1123 2624 GIVE
1164 2579 1369 2624 SEISIN
1420 2578 1498 2621 OF
1547 2578 1677 2621 THE
1727 2576 1902 2620 LAND
1952 2573 2110 2617 MEN-

306 2672 544 2715 TIONED
586 2672 658 2715 IN
700 2672 841 2720 THE,
872 2671 1187 2715 PREVIOUS
1228 2671 1414 2714 DEED.

880 2762 1110 2820 [MARGAM
1142 2760 1399 2818 CHARTER.]

587 2854 791 2896 MONDAY
820 2868 967 2896 AFTER
997 2853 1189 2896 INVENT.
1223 2868 1276 2895 or
1307 2852 1443 2894 Hom
1474 2850 1621 2894 ORoss.
1684 2851 1709 2892 3
1741 2849 1863 2891 Mn.
1926 2847 2050 2889 1341.

220 2945 450 2988 Universis
482 2945 670 2988 Cmum
695 2945 890 2987 fidelibus
921 2946 976 2987 ad
1007 2959 1186 3000 quorum
1217 2943 1417 2986 noticiam
1447 2945 1661 2998 presentes
1692 2940 1812 2982 litere
1841 2936 2113 2995 pervenerint

164 3036 456 3079 MARGARETA
479 3036 678 3078 Divi-,NE
700 3036 874 3078 domina
893 3036 1091 3078 DAVENE
1113 3038 1302 3078 eternam
1322 3034 1369 3076 in
1389 3033 1577 3076 Domino
1598 3032 1790 3074 salutem.
