2386 3645
1949 272 2060 314 1569

171 467 374 523 premissa
393 483 475 524 que
495 468 672 511 fuerunt
692 469 872 524 predicti
893 469 1116 511 GILBERTI
1147 470 1225 512 filii
1256 470 1480 514 GILBERTI
1509 474 1685 529 prefatis
1714 475 1956 519 ALIANORE
1987 477 2117 520 MAR-

171 572 346 600 GARETE
367 562 412 601 et
431 558 725 601 ΕΜΖΑΒΕΤΗΕ
745 562 795 601 ut
815 558 1025 601 sororibus
1046 562 1088 601 et
1108 560 1334 603 heredibus
1353 563 1532 618 predicti
1550 562 1774 607 GILBERTI
1795 566 1873 608 filii
1894 566 2115 609 GILBERTI

171 648 476 691 descenderunt
506 663 582 704 per
610 649 793 691 formam
823 649 1067 692 donacionis
1096 650 1283 705 predicte
1313 667 1361 694 eo
1402 654 1516 707 quod
1556 653 1670 696 idem
1711 653 1966 698 GILBERTUS
2005 657 2118 700 filius

174 738 396 781 GILBERTI
427 739 533 782 obiit
563 739 653 782 sine
683 740 837 782 herede
866 741 919 782 de
950 755 1119 796 corpore
1150 756 1224 783 suo
1260 746 1441 785 exeunte
1474 777 1483 785 .
1517 743 1577 785 Et
1608 744 1755 787 dicunt
1787 747 1900 801 quod
1929 748 2118 802 predicta

173 830 363 872 dominia
384 833 519 872 castra
538 830 729 873 maneria
748 833 860 872 terre
880 833 924 873 et
943 833 1187 874 tenementa
1207 831 1270 888 [et
1292 833 1456 890 omnia]
1476 836 1518 876 et
1534 834 1705 891 singula
1720 837 1922 891 premissa
1936 838 1982 879 in
1998 838 2121 880 dictis

172 920 326 964 litteris
332 920 577 977 patentibus
589 921 828 976 specificata
841 936 938 963 cum
950 921 1036 963 suis
1048 922 1318 976 pertinentiis
1330 924 1376 965 in
1389 925 1588 980 predictis
1601 925 1805 968 comitatu
1813 926 2120 970 GLOUCESTRIE

172 1015 217 1054 et
250 1012 473 1055 MARCHIA
510 1011 706 1054 WALLIE
748 1011 887 1054 eidem
926 1012 1147 1054 comitatui
1186 1013 1408 1069 adjacente
1450 1015 1563 1057 inter
1603 1016 1687 1058 alia
1727 1016 1906 1059 allocata
1944 1017 2120 1061 fuerunt

172 1102 364 1145 Hueom
406 1103 446 1145 le
489 1102 756 1145 DESPENSER
795 1102 980 1145 chivaler
1019 1103 1182 1159 juniori
1221 1108 1263 1147 et
1304 1105 1469 1160 prefate
1508 1105 1749 1149 ALIANORE
1797 1109 1955 1150 adtunc
1995 1110 2119 1152 uxori

171 1193 264 1250 ejus
303 1194 350 1236 in
389 1194 703 1250 propartionem
741 1194 874 1249 ipsius
913 1194 1155 1236 AL1ANORE
1196 1195 1331 1250 ipsam
1371 1197 1424 1238 de
1464 1196 1660 1240 omnibus
1691 1197 1883 1255 c[astris]
1920 1200 2118 1242 maneriis
2142 1195 2145 1198 ’

169 1285 292 1328 terris
341 1288 383 1327 et
432 1285 687 1328 tenementis
737 1299 834 1328 cum
882 1285 1152 1341 pertinentiis
1200 1302 1248 1329 ac
1295 1288 1348 1329 de
1401 1288 1495 1330 aliis
1546 1289 1759 1344 premissis
1813 1305 1895 1345 que
1944 1290 2121 1334 fuerunt

170 1376 395 1419 GILBERTI
416 1376 494 1418 filii
517 1376 739 1418 GILBERTI
762 1376 1082 1433 contingentem
1102 1381 1230 1433 prout
1249 1393 1324 1433 per
1343 1379 1619 1434 partitionem
1639 1380 1758 1422 illam
1779 1380 1892 1423 inter
1911 1381 2119 1436 predictos

168 1467 409 1510 HUGONEM
440 1468 480 1509 le
501 1467 771 1510 DESPENSER
798 1471 842 1510 et
863 1467 1157 1510 ALIANORAIN
1179 1472 1222 1511 et
1252 1469 1492 1512 HUGONEM
1517 1472 1569 1513 de
1590 1471 1817 1514 AUDELEY
1843 1472 2057 1528 juniorem
2077 1476 2121 1515 et

168 1558 402 1614 predictam
431 1558 759 1600 MARGARETAM
788 1559 947 1601 adtunc
967 1574 1144 1601 uxorem
1165 1559 1259 1616 ejus
1280 1563 1323 1603 et
1344 1560 1573 1603 RoGERUM
1595 1561 1795 1604 DAMORY
1814 1565 1857 1605 et
1886 1563 2119 1618 predictam

166 1649 500 1691 ELIZABETHAM
521 1650 680 1691 adtunc
700 1664 877 1691 uxorem
899 1649 993 1705 ejus
1013 1651 1067 1692 de
1089 1651 1234 1692 castris
1265 1651 1463 1694 maneriis
1493 1652 1615 1694 terris
1645 1656 1686 1694 et
1717 1654 1969 1695 tenementis
1999 1669 2046 1696 ac
2066 1655 2119 1697 de

166 1740 261 1783 aliis
289 1738 504 1796 premissis
535 1754 631 1782 cum
661 1740 931 1795 pertinentiis
972 1756 1054 1796 que
1087 1741 1262 1784 fuerunt
1302 1742 1482 1797 predicti
1517 1741 1740 1785 GILBERTI
1774 1744 1852 1785 filii
1894 1743 2118 1787 GILBERTI

168 1831 326 1874 factam
347 1834 390 1874 et
409 1831 455 1873 in
475 1831 615 1874 rotulo
637 1831 885 1874 cancellarie
906 1832 1070 1874 domini
1092 1831 1225 1888 Regis
1245 1832 1473 1875 EDWARDI
1504 1849 1641 1889 nuper
1671 1834 1805 1890 Regis
1834 1834 2019 1877 ANGLIE
2041 1835 2119 1877 filii

167 1922 348 1978 predicti
360 1922 524 1964 domini
539 1921 672 1978 Regis
690 1922 917 1964 EDWARDI
931 1923 1010 1964 filii
1028 1923 1161 1979 Regis
1178 1923 1382 1965 HENRIOI
1397 1924 1665 1966 irrotulatam
1677 1926 1802 1981 plene
1814 1925 1949 1981 liquet
1961 1927 2118 1969 virtute

166 2029 348 2070 quorum
364 2015 587 2057 descensus
600 2018 642 2056 et
657 2015 903 2070 particionis
919 2015 1098 2070 predicti
1115 2014 1254 2057 HUGo
1274 2016 1314 2057 le
1336 2015 1604 2058 DESPENSER
1619 2019 1662 2059 et
1677 2017 1920 2059 ALIANORA
1941 2018 2118 2060 fuerunt

167 2106 299 2148 seisiti
329 2106 380 2148 de
402 2105 602 2148 dominiis
623 2106 770 2148 castris
790 2106 989 2148 maneriis
1009 2106 1132 2148 terris
1154 2109 1196 2148 et
1217 2107 1472 2149 tenementis
1496 2107 1695 2162 predictis
1718 2123 1765 2150 ac
1785 2109 1838 2150 de
1859 2108 2054 2151 omnibus
2075 2112 2118 2150 et

167 2197 347 2253 singulis
362 2196 577 2252 premissis
590 2211 687 2238 cum
703 2197 789 2239 suis
805 2197 1075 2252 pertinentiis
1092 2212 1173 2252 que
1188 2197 1365 2239 fuerunt
1377 2198 1556 2253 predicti
1567 2197 1788 2240 GILBERTI
1802 2213 1938 2254 nuper
1951 2199 2116 2240 comitis

166 2287 279 2330 inter
309 2287 393 2329 alia
422 2287 470 2329 in
499 2287 711 2329 dominico
742 2302 818 2329 suo
838 2291 888 2330 ut
908 2288 961 2329 de
981 2287 1107 2330 feodo
1133 2288 1298 2330 talliato
1319 2293 1369 2330 ut
1389 2289 1441 2330 de
1461 2288 1558 2344 jure
1587 2289 1774 2344 predicte
1803 2290 2042 2331 ALIANORE
2073 2294 2116 2331 et

165 2378 407 2421 habuerunt
429 2378 569 2420 exitus
588 2378 701 2420 inter
720 2393 790 2420 eos
811 2380 917 2420 duos
937 2378 1046 2420 filios
1067 2379 1264 2420 videlicet
1291 2378 1528 2421 HUGONEM
1550 2379 1756 2421 seniorem
1776 2384 1819 2421 et
1840 2379 2114 2421 EDWARDUM

166 2469 379 2525 juniorem
400 2468 475 2524 qui
497 2469 671 2524 quidem
691 2469 832 2512 Hnso
853 2473 973 2525 pater
994 2469 1122 2512 obiit.
1141 2469 1202 2511 Et
1217 2472 1362 2525 postea
1382 2469 1548 2525 prefata
1567 2469 1811 2512 ALIANORA
1832 2471 1884 2511 de
1904 2470 1981 2511 tali
2001 2474 2115 2511 statu

166 2561 219 2603 de
239 2560 440 2602 dominiis
456 2560 601 2602 castris
616 2561 817 2603 maneriis
833 2561 955 2603 terris
971 2564 1014 2602 et
1029 2561 1284 2603 tenementis
1304 2561 1502 2615 predictis
1518 2576 1566 2602 ac
1586 2562 1638 2603 de
1655 2561 1851 2603 omnibus
1871 2564 1913 2602 et
1933 2560 2114 2617 singulis

165 2651 379 2707 premissis
400 2666 495 2693 cum
516 2652 602 2693 suis
623 2652 892 2707 pertinentiis
913 2666 993 2707 que
1015 2652 1190 2693 fuerunt
1210 2651 1390 2706 predicti
1419 2651 1641 2693 GILBERTI
1662 2666 1798 2707 nuper
1825 2651 1988 2692 comitis
2009 2650 2113 2692 obiit

165 2742 306 2784 seisita
325 2745 421 2798 post
450 2742 573 2798 cujus
593 2745 774 2784 mortem
799 2742 989 2785 dominia
1009 2744 1145 2784 castra
1171 2741 1363 2784 maneria
1383 2745 1493 2784 terre
1523 2747 1564 2784 et
1594 2744 1838 2784 tenementa
1858 2741 2045 2796 predicta
2065 2755 2113 2782 ac

165 2833 308 2875 omnia
329 2836 371 2874 et
392 2833 564 2889 singula
584 2833 788 2888 premissa
818 2848 914 2875 cum
945 2833 1031 2874 suis
1061 2832 1330 2888 pertinentiis
1361 2847 1443 2887 que
1472 2832 1648 2874 fuerunt
1678 2831 1856 2887 predicti
1889 2831 2109 2873 GILBERTI

165 2938 300 2979 nuper
320 2923 486 2966 comitis
506 2923 619 2966 inter
639 2923 724 2965 alia
745 2924 1053 2965 descenderunt
1074 2922 1241 2978 prefato
1269 2922 1459 2965 Hneom
1480 2923 1566 2964 filio
1594 2930 1643 2964 ut
1663 2922 1750 2964 filio
1781 2925 1824 2963 et
1854 2922 1997 2963 heredi
2018 2936 2110 2976 pre-

166 3014 376 3057 dictorum
407 3013 621 3056 Hneoms
650 3015 690 3056 le
724 3014 993 3056 DESPENSER
1032 3017 1076 3056 et
1115 3013 1357 3056 ALIANORE
1399 3013 1473 3069 qui
1516 3013 1688 3069 quidem
1728 3012 1867 3055 Hneo
1907 3012 2020 3054 filius
2060 3013 2112 3054 de

371 3153 457 3188 8w
