2386 3645
297 294 409 334 1444

237 515 285 542 ac
320 500 522 541 ducatum
551 500 746 541 nostrum
775 497 1058 543 AQUITAINOE
1095 500 1138 539 et
1168 500 1325 539 terram
1355 500 1544 539 nostram
1573 495 1814 537 HIBERNIE
1836 509 1883 537 ac
1913 494 2086 537 aliunde
2117 510 2193 551 per

239 594 493 647 potestatem
526 570 716 632 nostram
749 588 952 631 custumis
986 589 1037 629 de
1073 588 1183 629 lanis
1213 587 1334 629 coriis
1371 586 1553 643 pellibus
1583 586 1743 628 lanutis
1775 601 1822 627 ac
1853 585 1965 627 vinis
1995 584 2117 627 nobis
2149 589 2192 627 et

240 681 468 724 heredibus
523 681 678 724 nostris
733 679 886 722 debitis
936 681 1162 721 dumtaxat
1211 678 1409 734 exceptis.
1485 677 1626 723 Quare
1677 677 1874 718 volumus
1923 679 1966 717 et
2015 676 2194 718 firmiter

240 773 496 829 precipimus
532 787 607 828 pro
640 771 761 814 nobis
795 774 838 813 et
869 770 1095 812 heredibus
1130 770 1285 812 nostris
1315 770 1428 825 quod
1459 769 1573 811 idem
1605 768 1744 810 HUGO
1775 770 1818 809 et
1845 767 2019 809 heredes
2049 767 2115 809 sui
2145 782 2195 810 ac

240 878 387 906 eorum
408 863 639 919 burgenses
660 865 703 905 et
724 862 797 904 alii
817 860 1010 903 homines
1031 864 1073 902 et
1093 863 1286 902 tenentes
1307 861 1358 902 de
1381 860 1581 915 predictis
1602 859 1713 901 villis
1736 859 1787 900 de
1809 857 2004 900 KERDYF
2027 892 2036 900 .
2063 857 2164 900 Usi<
2181 891 2190 899 .

239 954 519 998 KAERLIONN
552 988 560 997 .
594 954 815 997 NEUPORT
848 988 856 995 .
891 953 1167 995 COUBRUGGE
1201 985 1209 993 .
1242 951 1411 993 NEETH
1445 986 1452 993 .
1492 950 1576 1007 [et]
1603 951 1830 993 KENEFEG
1852 951 1898 992 in
1921 950 2118 994 WALLIA
2139 951 2192 993 de

239 1046 436 1088 omnibus
465 1045 590 1088 rebus
620 1047 663 1087 et
691 1044 813 1086 bonis
844 1044 929 1086 suis
959 1047 1049 1085 tam
1069 1042 1266 1084 videlicet
1291 1042 1563 1084 mercandisis
1594 1057 1723 1097 quam
1753 1042 1847 1083 aliis
1877 1042 2193 1097 imperpetuum

238 1137 323 1180 sint
359 1138 494 1192 quieti
533 1137 585 1178 de
617 1135 832 1178 theolonio
868 1134 1063 1190 muragio
1096 1133 1300 1189 pontagio
1340 1133 1525 1188 pauagio
1565 1133 1747 1189 lastagio
1788 1133 1984 1189 stallagio
2024 1133 2192 1190 picagio

237 1228 433 1284 tronagio
464 1227 635 1283 kaiagio
665 1226 851 1282 terragio
881 1240 1047 1267 necnon
1078 1226 1130 1266 de
1162 1224 1358 1266 omnibus
1389 1224 1484 1265 aliis
1514 1224 1717 1265 custumis
1748 1227 1790 1265 et
1815 1224 2192 1266 consuetudinibus

236 1335 312 1376 per
341 1323 481 1362 totum
511 1334 694 1374 regnum
725 1320 917 1359 nostruin
948 1331 995 1358 ac
1026 1316 1230 1357 ducatum
1261 1319 1453 1357 nostrum
1474 1313 1739 1358 AQUITANOE
1761 1318 1802 1356 et
1823 1317 1980 1357 terram
2000 1320 2190 1357 nostram

238 1411 480 1454 HIBERNIE
518 1425 565 1452 ac
598 1410 772 1451 aliunde
807 1424 882 1464 per
911 1410 1165 1462 potestatem
1193 1410 1383 1448 nostram
1415 1407 1618 1448 custumis
1646 1407 1698 1447 de
1725 1406 1836 1447 lanis
1863 1406 1985 1448 coriis
2011 1406 2194 1461 pellibus

237 1504 398 1546 lanutis
438 1518 486 1545 ac
525 1502 635 1544 vinis
676 1501 798 1543 nobis
839 1510 881 1542 et
920 1499 1147 1541 heredibus
1191 1499 1345 1540 nostris
1385 1498 1540 1540 debitis
1580 1499 1808 1540 dumtaxat
1849 1499 2034 1553 exceptis
2084 1499 2191 1541 sicut

235 1594 475 1650 predictum
508 1598 582 1635 est.
645 1592 748 1634 Hiis
778 1591 957 1633 testibus
994 1625 1002 1632 .
1041 1589 1354 1632 venerabilibus
1386 1588 1580 1644 patribus
1615 1587 1687 1632 'W.
1723 1588 2033 1644 archiepiscopo
2074 1589 2191 1632 CAN-

232 1700 474 1728 TUARIENSI
505 1685 639 1727 tocius
669 1683 853 1725 ANGLm
875 1682 1056 1738 primate
1080 1715 1089 1723 .
1112 1681 1141 1724 J
1146 1715 1154 1723 .
1179 1680 1473 1723 NORWIGENsr
1495 1683 1537 1722 et
1564 1680 1606 1723 J.
1632 1679 1921 1722 CICESTRENS1
1953 1681 2156 1737 episcopis
2179 1715 2187 1723 .

232 1778 461 1819 ADOMARO
494 1777 546 1818 de
579 1775 817 1819 VALENCIA
854 1773 1006 1815 comite
1041 1772 1341 1814 PEMssRocnm
1366 1806 1374 1814 .
1398 1771 1630 1813 EDMUNDO
1666 1772 1817 1813 comite
1849 1771 2187 1815 ARUNDELLIE.

232 1868 261 1911 J
264 1883 450 1910 OHANNE
481 1869 533 1910 de
565 1868 777 1909 SEGRAVE
804 1865 965 1908 seniore
988 1899 996 1906 .
1022 1864 1281 1908 W1LLELM0
1304 1863 1503 1905 MARTYN
1529 1897 1538 1905 .
1573 1863 1776 1905 RmAnno
1797 1863 2029 1905 DAUMORY
2051 1879 2188 1906 senes-

232 1961 338 2003 callo
359 1959 535 2015 hospicii
555 1958 689 2001 nostri
712 1991 720 2000 .
744 1963 786 1999 et
808 1957 915 1998 aliis.

293 2052 457 2094 Datum
478 2066 551 2107 per
579 2065 757 2092 manum
787 2051 976 2091 nostram
1006 2048 1122 2103 apud
1143 2046 1609 2090 WESTMONASTERIUM
1632 2050 1782 2100 quarto
1804 2046 1873 2088 die
1903 2046 2056 2088 Marcii
2077 2062 2190 2089 anno

233 2144 358 2200 regni
378 2143 513 2185 nostri
533 2142 876 2195 decimoseptimo
903 2140 1068 2195 (1324).

292 2235 385 2278 Nos
415 2241 561 2277 autem
591 2233 901 2276 concessionem
932 2237 974 2273 et
1005 2231 1371 2273 confirmacionem
1392 2229 1602 2285 predictas
1622 2232 1735 2271 ratas
1755 2229 1960 2272 habentes
1981 2233 2023 2272 et
2044 2236 2189 2286 gratas

235 2342 304 2368 eas
334 2341 410 2381 pro
440 2324 562 2367 nobis
592 2329 634 2366 et
664 2323 890 2366 heredibus
920 2322 1075 2365 nostris
1106 2325 1317 2377 quantum
1346 2321 1393 2362 in
1414 2320 1535 2362 nobis
1556 2323 1618 2362 est
1649 2321 1803 2362 dilecto
1834 2325 1877 2362 et
1897 2321 2013 2363 fideli
2043 2325 2189 2364 nostro

233 2418 469 2460 EDWARDO
510 2417 549 2458 le
589 2415 859 2457 DESPENSER
898 2414 1214 2468 consanguineo
1255 2416 1296 2454 et
1338 2412 1484 2454 heredi
1524 2411 1704 2466 predicti
1746 2411 1959 2454 HUGONIS
1992 2427 2039 2454 ac
2073 2428 2187 2455 nunc

234 2508 518 2565 burgensibus
551 2511 594 2549 et
629 2507 724 2549 aliis
756 2505 1000 2548 hominibus
1032 2511 1074 2546 et
1110 2503 1354 2546 tenentibus
1385 2504 1438 2544 de
1468 2502 1663 2544 KERDYF
1697 2536 1706 2544 .
1739 2503 1873 2545 USK.
1907 2503 2151 2545 KAERLION
2177 2538 2185 2546 .

234 2601 456 2643 NEUPORT
481 2632 489 2641 .
514 2598 790 2641 COUBRUGGE
814 2630 822 2639 .
846 2596 1044 2639 NEETHE
1067 2602 1109 2637 et
1131 2595 1238 2637 KEN
1247 2609 1359 2636 EFEG
1380 2595 1639 2637 ratificamus
1659 2594 1943 2650 approbamus
1963 2599 2006 2637 et
2036 2595 2185 2637 confir-

231 2706 397 2733 mamus
436 2693 562 2746 prout
603 2691 717 2731 carta
756 2688 946 2743 predicta
995 2686 1305 2728 rationabiliter
1353 2687 1535 2727 testatur
1575 2690 1617 2726 et
1657 2688 1783 2739 prout
1822 2685 1904 2740 ipsi
1944 2688 1986 2727 et
2035 2701 2182 2729 eorum
2244 2680 2247 2681 ⁷

235 2787 515 2825 antecessores
545 2779 814 2822 libertatibus
848 2782 888 2820 et
922 2777 1174 2833 quietanciis
1205 2777 1290 2818 illis
1326 2775 1530 2818 hactenus
1563 2775 1629 2817 usi
1666 2777 1765 2817 sunt
1800 2775 2110 2818 rationabiliter
2143 2782 2185 2819 et

235 2873 384 2929 gavisi.
446 2871 548 2914 Hiis
587 2870 766 2913 testibus
798 2903 806 2911 .
840 2868 1152 2911 venerabilibus
1187 2866 1380 2923 patribus
1415 2866 1457 2909 S.
1496 2866 1806 2922 archiepiscopo
1843 2866 2183 2911 GANTUARIENSI

234 2964 368 3006 tocius
383 2962 567 3005 ANGLIE
584 2961 788 3017 primate.
808 2959 880 3003 W.
900 2959 1213 3002 WYNTONENSI
1232 2958 1425 3013 episcopo
1439 2957 1687 3000 cancellario
1700 2960 1843 2998 nostro
1863 2990 1870 2998 .
1889 2956 1930 2999 J.
1956 2957 2185 3001 Romam

233 3056 426 3110 episcopo
457 3053 719 3096 thesaurario
749 3056 892 3094 nostro
916 3085 924 3093 .
950 3050 1208 3093 WILLELMO
1229 3045 1281 3090 de
1303 3048 1473 3090 Bomm
1505 3047 1905 3090 NORTHAMPTONJE
1936 3081 1944 3090 .
1978 3047 2189 3092 RmARno
