2386 3645
357 276 466 317 1548

295 481 533 525 GLAMORG’
576 482 812 538 gentilman
863 481 1087 523 tradidisse
1127 480 1373 522 concessisse
1413 483 1456 521 et
1505 480 1551 521 in
1601 479 1679 521 hoc
1719 480 1903 535 presenti
1945 480 2098 535 scripto
2147 495 2241 522 meo

293 573 514 616 indentato
545 573 811 615 confirmasse
843 571 1078 615 &ummo
1099 571 1266 613 BAKER
1293 571 1346 612 de
1366 569 1610 613 KAERDIFF
1632 573 1674 612 et
1696 569 1825 612 Isom
1847 570 1969 612 uxori
1991 570 2084 626 ejus
2104 585 2240 612 unum

294 666 588 706 tenementum
618 679 715 706 cum
735 662 931 706 omnibus
953 663 1038 704 suis
1058 661 1370 717 pertinentibus
1390 660 1504 702 infra
1524 661 1670 702 villam
1692 661 1743 702 de
1774 660 2018 703 KAERDIFF
2039 676 2175 716 nuper
2194 661 2241 703 in

294 754 492 798 manibus
540 754 569 797 J
572 769 770 796 OHANNIS
821 753 987 795 BAKER
1037 753 1089 794 de
1138 751 1382 794 KAERDIFF
1431 752 1619 807 predicto
1660 751 1853 793 defuncti
1903 752 2017 806 quod
2067 752 2240 806 quidem

293 849 589 888 tenementum
609 860 705 888 cum
727 845 813 887 suis
832 843 1101 900 pertinentiis
1129 842 1268 885 ΤΙΒΟΤ
1297 843 1522 884 COTILLER
1542 843 1668 885 modo
1689 845 1809 884 tenet
1829 843 1884 884 ad
1903 842 2135 884 terminum
2155 843 2242 885 vite

293 952 367 980 sue
387 937 532 993 jacens
551 937 662 978 inter
691 937 983 978 tenementum
1003 934 1190 990 predicte
1212 933 1352 976 T1130T
1379 933 1426 975 in
1447 949 1530 989 quo
1551 934 1642 989 ipsa
1671 933 1885 976 inhabitat
1904 949 2018 975 nunc
2047 934 2092 975 in
2123 938 2244 989 parte

293 1028 489 1071 orientali
530 1031 573 1070 et
612 1028 825 1083 quendam
866 1027 1007 1068 vicum
1046 1028 1244 1067 vocatum
1294 1024 1613 1066 HoMANDESBY
1662 1024 1709 1066 in
1749 1030 1868 1079 parte
1909 1025 2160 1066 occidentali
2199 1028 2240 1067 et

294 1119 488 1162 extendit
520 1134 563 1161 se
597 1119 644 1160 in
680 1116 951 1174 longitudine
987 1131 1012 1157 a
1046 1115 1261 1157 communi
1292 1115 1384 1157 vico
1416 1115 1462 1156 in
1495 1119 1615 1170 parte
1647 1114 1806 1157 boreali
1839 1130 1972 1171 usque
2007 1115 2053 1157 in
2086 1118 2243 1158 terram

291 1225 469 1253 vacuam
508 1225 648 1252 meam
688 1209 734 1251 in
770 1223 903 1250 manu
941 1207 1128 1263 predicte
1178 1205 1349 1248 TIBoTE
1389 1207 1435 1248 in
1474 1209 1595 1261 parte
1634 1206 1821 1248 australi.
1898 1206 2163 1248 Habendum
2203 1209 2246 1249 et

292 1303 529 1344 tenendum
587 1300 826 1356 predictum
875 1300 1168 1340 tenementum
1219 1312 1316 1339 cum
1366 1296 1562 1339 omnibus
1612 1297 1697 1339 suis
1747 1297 2015 1352 pertinentiis
2064 1297 2242 1353 prefatis

293 1392 528 1435 GALFRIDO
568 1395 611 1434 et
651 1391 779 1434 Isou
822 1390 946 1432 uxori
987 1389 1082 1445 ejus
1113 1391 1208 1444 post
1244 1389 1461 1430 decessum
1493 1388 1639 1443 ipsius
1667 1387 1836 1430 ΤΙΒΟΤΕ
1870 1403 2002 1443 usque
2034 1389 2164 1430 finem
2199 1393 2241 1430 et

290 1484 522 1526 terminum
563 1485 734 1525 centum
774 1495 985 1524 annorum
1024 1479 1218 1536 proxime
1264 1479 1532 1535 sequentium
1573 1482 1666 1535 post
1707 1480 1856 1521 datum
1895 1479 2157 1534 presentium
2197 1482 2241 1522 et

289 1575 479 1631 plenarie
503 1574 820 1629 completorum.
885 1572 1122 1614 Reddendo
1150 1571 1250 1612 inde
1279 1572 1503 1612 annuatim
1535 1574 1630 1626 post
1661 1571 1877 1612 decessum
1907 1570 2039 1626 ipsius
2072 1570 2240 1612 ΤΙΒΟΤΕ

290 1665 420 1708 michi
442 1668 484 1707 et
503 1664 730 1707 heredibus
760 1663 865 1705 meis
886 1664 1031 1705 decem
1052 1662 1206 1704 solidos
1237 1662 1540 1717 sterlingorum
1561 1661 1782 1703 solvendos
1802 1660 1932 1702 michi
1952 1664 1993 1703 et
2015 1660 2242 1703 heredibus

289 1757 395 1799 meis
430 1756 654 1798 annuatim
687 1757 741 1797 ad
774 1758 957 1810 quatuor
992 1753 1095 1796 anni
1126 1754 1329 1795 terminos
1360 1752 1519 1795 ibidem
1550 1753 1718 1794 usuales
1750 1753 1869 1808 equis
1901 1752 2169 1808 porcionibus
2200 1757 2242 1795 et

289 1848 461 1903 capitali
492 1847 664 1889 domino
694 1846 810 1888 feodi
840 1845 956 1887 illius
984 1845 1178 1887 redditus
1209 1847 1251 1885 et
1281 1843 1455 1886 servicia
1485 1843 1585 1885 inde
1606 1843 1749 1886 debita
1781 1846 1823 1885 et
1843 1844 1896 1885 de
1917 1843 2012 1899 jure
2028 1847 2239 1887 consueta.

289 1939 350 1981 Et
385 1939 598 1994 predictus
620 1937 884 1980 GALFRIDUS
905 1940 947 1978 et
968 1935 1099 1978 IsorA
1120 1950 1228 1977 uxor
1258 1934 1352 1991 ejus
1384 1934 1643 1977 edificabunt
1661 1938 1737 1977 aut
1766 1935 1941 1977 heredes
1976 1935 2041 1977 sui
2074 1935 2241 1977 edifica-

288 2029 398 2072 bunt
415 2029 669 2071 sufficienter
686 2031 729 2070 et
744 2026 981 2070 vallabunt-¹
1015 2030 1155 2069 totum
1171 2027 1409 2082 predictum
1425 2029 1718 2068 tenementum
1735 2025 1974 2081 sumptibus
1991 2029 2032 2068 et
2049 2026 2243 2082 expensis

291 2121 377 2163 suis
416 2120 597 2176 propriis
637 2119 822 2174 exceptis
862 2133 996 2173 usque
1047 2117 1260 2173 predictus
1300 2117 1561 2158 EDWARDUS
1601 2117 1792 2158 inveniet
1831 2119 1905 2158 aut
1954 2116 2128 2159 heredes
2177 2117 2243 2159 sui

291 2212 512 2254 invenient
542 2214 681 2253 totum
711 2225 904 2265 grossum
934 2209 1186 2251 meremium
1217 2224 1314 2250 cum
1345 2208 1542 2264 costagiis
1562 2207 1850 2263 operariorum
1871 2213 1912 2250 et
1935 2208 2117 2264 cariagio
2139 2208 2242 2250 dicti

291 2302 484 2345 meremii
514 2317 648 2356 usque
683 2302 739 2343 ad
769 2315 925 2356 aquam
954 2300 1229 2342 marinariam
1250 2300 1365 2354 apud
1395 2299 1653 2340 PENNARTH
1685 2299 1739 2340 ad
1769 2299 1992 2341 introitum
2023 2302 2170 2355 portus
2191 2300 2243 2341 de

292 2393 537 2435 KAERDIFF
570 2407 594 2434 a
613 2391 736 2434 bosco
757 2391 831 2433 ubi
852 2392 1091 2447 predictum
1121 2390 1371 2432 meremium
1392 2392 1651 2445 prostratum
1672 2389 1804 2431 fuerit
1824 2405 1900 2445 pro
1922 2389 2088 2431 factura
2108 2390 2243 2432 tocius

295 2485 390 2526 aule
412 2482 643 2538 supradicti
664 2482 897 2524 tenementi
918 2483 971 2523 de
992 2497 1101 2524 novo
1123 2481 1371 2523 edificanda.
1436 2480 1496 2522 Et
1517 2495 1596 2536 ego
1620 2494 1720 2522 vero
1744 2480 1956 2535 predictus
1982 2480 2243 2522 EDWARDUS

296 2579 340 2617 et
369 2575 542 2616 heredes
572 2573 657 2615 mei
686 2576 826 2615 totum
865 2573 1104 2629 predictum
1144 2575 1438 2614 tenementum
1478 2586 1573 2613 oum
1615 2571 1812 2613 omnibus
1851 2572 1936 2613 suis
1976 2571 2245 2626 pertinentiis

296 2666 462 2723 prefato
500 2664 735 2707 GALFRIDO
776 2667 819 2706 et
859 2664 988 2706 IsoTE
1029 2663 1153 2706 uxori
1189 2663 1283 2718 ejus
1323 2661 1549 2704 heredibus
1589 2668 1631 2704 et
1672 2662 1898 2718 assignatis
1938 2662 2023 2704 suis
2063 2663 2244 2704 durante

297 2757 480 2799 termino
510 2755 848 2810 supradict-orum
870 2758 1041 2796 centum
1072 2768 1281 2795 annorum
1303 2756 1447 2795 contra
1468 2767 1612 2794 omnes
1633 2756 1783 2809 gentes
1803 2752 2172 2795 warantizabimus
2202 2756 2245 2795 et

298 2848 343 2890 in
374 2847 512 2889 forma
541 2846 730 2902 predicta
760 2846 1050 2887 defendemus.
1127 2844 1182 2886 In
1213 2845 1336 2900 cujus
1366 2845 1426 2885 rei
1457 2844 1750 2886 testimonium
1780 2844 1985 2899 presentis
2017 2844 2243 2886 indenture

298 2941 439 2995 partes
469 2937 655 2993 predicte
686 2937 827 2992 sigilla
859 2951 933 2978 sua
963 2936 1207 2978 alternatim
1238 2938 1537 2991 apposuerunt.
1601 2934 1703 2976 Hiis
1733 2934 1911 2976 testibus
1944 2969 1952 2975 .
1986 2934 2244 2977 WILLELMO

299 3030 563 3073 BUTT1LLER
613 3027 924 3070 constabulario
974 3027 1026 3069 de
1077 3026 1321 3069 KAERDIFF
1374 3061 1382 3068 .
1435 3025 1641 3068 Howm,
1703 3025 1879 3069 WEBBE
1929 3059 1937 3067 .
1983 3028 2025 3067 et
2077 3025 2244 3068 ΤΗΟΜΑ
