2386 3645
240 264 350 304 1622

262 469 390 525 burgi
425 470 558 511 nostri
593 469 771 525 predicti
807 473 848 512 et
888 485 974 511 non
1013 485 1089 525 per
1128 470 1354 512 forinsecos
1395 470 1644 527 com[itatus
1683 470 1881 527 predicti]
1927 471 2046 513 triari
2076 475 2119 514 et

268 559 524 616 [justici]ari
545 561 706 616 possint
727 561 793 602 vel
814 561 943 615 possit
971 562 1025 602 ad
1055 561 1241 615 primum
1274 561 1341 603 vel
1370 563 1601 603 secundum
1630 562 1878 604 comitatum
1908 561 2117 604 GLAMOR-

265 664 428 692 GANCIE
450 653 675 706 postquam
695 651 806 706 ipsos
828 651 893 692 vel
914 666 1059 693 eorum
1075 651 1260 706 aliquem
1277 652 1333 693 sic
1349 653 1533 693 accusari
1549 653 1617 693 vel
1633 652 1856 694 attachiari
1877 652 2114 707 contigerit.

266 742 555 783 Concessimus
568 742 696 783 etiam
710 742 885 796 prefatis
900 741 1180 798 burgensibus
1196 743 1349 784 nostris
1365 757 1508 784 eorum
1525 742 1749 784 heredibus
1762 746 1804 783 et
1817 743 2118 784 successoribus

259 832 373 873 infra
413 831 599 888 burgum
639 837 831 874 nostrum
871 833 1107 888 predictum
1148 833 1378 875 residentes
1419 834 1531 888 quod
1577 832 1697 889 [nec]
1741 833 1821 888 ipsi
1862 836 1936 874 aut
1975 848 2119 875 eorum

259 923 413 977 aliquis
460 926 673 978 ponantur
719 923 786 964 vel
828 928 1010 978 ponatur
1049 923 1095 964 in
1136 938 1328 977 processu
1367 927 1493 978 prout
1534 922 1694 964 felones
1733 923 1778 964 in
1820 923 1962 979 aliqua
2002 924 2116 965 curia

258 1014 468 1055 curiarum
485 1017 724 1055 nostrarum
745 1013 1030 1055 membrorum
1051 1013 1229 1055 dominii
1251 1014 1382 1055 nostri
1405 1013 1766 1056 GLAMORGANCIE
1783 1017 1825 1056 et
1842 1014 2115 1056 MoaGANCIE

260 1103 377 1160 [sed]
413 1106 526 1160 quod
557 1105 638 1160 ipsi
669 1104 899 1160 burgenses
930 1119 1073 1145 eorum
1106 1104 1277 1146 heredes
1305 1108 1348 1146 et
1368 1119 1618 1146 successores
1639 1108 1679 1146 et
1702 1120 1847 1146 eorum
1871 1105 2051 1160 quilibet
2072 1105 2117 1146 in

259 1195 506 1236 comitatum
540 1198 731 1237 nostrum
770 1194 1128 1237 GLAMORGANCIE
1167 1195 1360 1250 placitari
1400 1198 1443 1237 et
1483 1194 1640 1237 ibidem
1676 1210 1750 1250 per
1782 1210 1855 1236 sex
1885 1195 2116 1251 burgenses

253 1285 381 1341 burgi
432 1285 565 1326 nostri
611 1285 789 1340 predicti
834 1289 876 1326 et
920 1300 995 1339 per
1032 1300 1103 1327 sex
1147 1286 1198 1327 de
1250 1286 1427 1327 visineto
1472 1284 1642 1342 [burgi]
1687 1286 1867 1340 predicti
1913 1287 2032 1328 triari
2072 1289 2114 1328 et

259 1375 515 1432 [justici]ari
555 1376 714 1431 possint
751 1376 818 1417 vel
855 1376 985 1431 possit
1020 1376 1178 1418 futuris
1209 1376 1470 1431 temporibus
1515 1376 1729 1417 duraturis
1770 1376 1831 1418 ita
1881 1378 1994 1432 quod
2037 1377 2117 1433 ipsi

252 1470 327 1508 aut
368 1482 512 1508 eorum
553 1466 706 1521 aliquis
741 1466 785 1507 in
827 1466 970 1522 aliqua
1006 1467 1122 1508 curia
1162 1467 1374 1509 curiarum
1414 1470 1654 1509 nostrarum
1696 1468 1981 1523 predictorum
2018 1483 2114 1510 cum

252 1571 508 1612 manuopere
538 1572 624 1598 non
656 1557 878 1612 capiantur
906 1572 983 1599 nec
1016 1557 1218 1612 capiatur.

313 1647 373 1703 (l)
410 1647 699 1690 Ooncessimus
728 1648 900 1704 insuper
931 1650 973 1690 et
1002 1663 1076 1703 per
1105 1652 1318 1703 presentes
1353 1648 1598 1690 ordinamus
1633 1650 1747 1704 quod
1781 1649 2116 1692 constabularius

249 1742 392 1781 noster
422 1739 473 1781 de
504 1738 689 1781 KARDIF
721 1739 794 1794 qui
830 1754 905 1794 pro
940 1742 1128 1794 tempore
1162 1739 1292 1781 fuerit
1328 1739 1395 1781 vel
1431 1739 1576 1795 Major
1607 1739 1735 1796 burgi
1769 1741 1902 1782 nostri
1937 1741 2115 1796 predicti

250 1833 376 1885 prout
417 1830 652 1885 antiquitus
691 1831 782 1872 fieri
824 1831 1117 1872 consueverint
1144 1831 1195 1872 de
1224 1830 1507 1886 burgensibus
1537 1831 1690 1873 nostris
1721 1832 1920 1886 predictis
1951 1833 2114 1888 eligant

249 1921 472 1963 duodecim
503 1921 734 1977 burgenses
764 1923 816 1963 de
847 1921 984 1977 magis
1013 1921 1317 1964 sufficientibus
1347 1926 1390 1964 et
1419 1922 1731 1982 discretioribus
1765 1923 1957 1978 ejusdem
1987 1923 2115 1980 burgi

252 2012 325 2067 qui
348 2027 488 2054 coram
508 2011 629 2054 nobis
649 2015 893 2067 presentent
914 2015 1223 2054 sacramentum
1244 2013 1299 2054 ad
1319 2011 1504 2068 burgum
1526 2015 1717 2055 nostrum
1744 2013 1981 2068 predictum
2008 2013 2115 2057 bene

251 2108 293 2145 et
319 2103 503 2144 fideliter
532 2102 870 2158 gubernandum.
932 2103 994 2144 Et
1023 2104 1137 2158 quod
1167 2103 1297 2145 iidem
1327 2104 1550 2145 duodecim
1579 2103 1811 2159 burgenses
1840 2104 2115 2160 imposterum

253 2194 529 2236 nominentur
560 2195 826 2236 aldermanni
861 2194 988 2250 burgi
1023 2194 1156 2236 nostri
1190 2195 1380 2250 predicti.
1443 2194 1502 2236 Et
1537 2196 1650 2250 quod
1686 2196 1741 2236 ad
1775 2195 1933 2237 festum
1970 2195 2115 2238 Sancti

254 2284 513 2326 MmHAEms
560 2285 804 2340 archangeli
858 2286 1048 2341 proxime
1098 2286 1293 2328 futurum
1344 2288 1384 2327 et
1435 2285 1625 2341 quolibet
1674 2302 1786 2328 anno
1838 2287 2119 2342 imposterum

255 2375 385 2417 iidem
426 2376 605 2430 predicti
645 2377 910 2418 aldermanni
950 2380 993 2418 et
1031 2376 1263 2433 burgenses
1302 2377 1435 2419 nostri
1474 2377 1654 2432 predicti
1694 2377 1857 2433 eligant
1897 2378 1948 2419 de
1994 2378 2117 2421 dictis

257 2465 539 2522 burgensibus
589 2467 743 2508 nostris
793 2469 973 2522 quatuor
1021 2467 1214 2510 homines
1263 2468 1316 2509 de
1371 2467 1675 2509 sufficientibus
1730 2468 1803 2523 qui
1857 2468 2118 2511 vocabuntur

257 2560 494 2612 portreeves
529 2558 580 2598 de
617 2557 770 2612 quibus
801 2558 1136 2600 constabularius
1165 2562 1308 2600 noster
1338 2559 1389 2600 de
1421 2557 1606 2600 KARDIF
1643 2558 1776 2614 eligat
1811 2559 1917 2601 duos
1947 2559 2118 2602 nomine

257 2653 401 2689 nostro
438 2648 511 2702 qui
552 2648 829 2703 imposterum
869 2649 1077 2691 nominati
1117 2652 1244 2691 erunt
1281 2649 1429 2691 ballivi
1469 2649 1596 2705 burgi
1638 2650 1770 2691 nostri
1806 2650 1997 2705 predicti.
2057 2650 2120 2693 Et

258 2739 372 2794 quod
418 2739 583 2794 eligant
623 2739 755 2781 eciam
795 2741 900 2782 duos
940 2740 1168 2782 servientes
1208 2755 1304 2782 cum
1345 2740 1505 2782 baculis
1539 2740 1697 2782 vocatis
1733 2755 1869 2782 mases
1904 2741 1956 2783 de
1991 2742 2118 2784 armis

258 2829 411 2872 nostris
432 2832 650 2884 portantes
670 2829 745 2884 qui
764 2829 1037 2885 imposterum
1067 2830 1276 2873 nominati
1306 2834 1430 2872 erunt
1461 2834 1720 2887 sergeaunts.
1783 2830 1840 2872 Et
1873 2832 1986 2886 quod
2016 2832 2119 2874 dicti

257 2919 404 2962 ballivi
445 2923 487 2962 et
528 2920 754 2962 servientes
787 2921 841 2962 ad
882 2921 1043 2963 dictum
1073 2921 1259 2978 burgum
1298 2924 1491 2963 nostrum
1531 2937 1627 2964 cum
1668 2922 1791 2964 dictis
1831 2922 2117 2966 aldermannis

257 3010 364 3053 bene
405 3013 447 3052 et
486 3010 667 3052 fideliter
708 3011 1035 3066 gubernandum
1075 3027 1122 3054 ac
1158 3012 1333 3054 donaria
1363 3015 1406 3054 et
1434 3015 1642 3054 costumos
1671 3012 1772 3054 inde
1802 3011 1923 3054 nobis
1954 3012 2117 3056 debitos
