2386 3645
1979 257 2086 299 1331

192 475 262 503 me
296 459 504 502 remisisse
537 459 747 501 relaxasse
778 461 820 500 et
853 457 1026 500 omnino
1061 473 1137 514 pro
1169 473 1236 500 me
1266 461 1308 500 et
1337 458 1563 501 heredibus
1592 460 1696 502 meis
1717 461 1909 516 quietum
1939 464 2137 507 clamasse

200 551 373 594 domino
403 549 674 592 LAURENcm
715 550 767 590 de
798 547 1065 590 BERKEROL’
1099 551 1142 590 et
1172 549 1468 591 ELIZABETHE
1499 551 1622 592 uxori
1653 551 1747 607 ejus
1777 554 1818 594 et
1847 552 2070 596 heredibus
2091 555 2142 597 de

198 640 441 697 corporibus
473 640 587 682 inter
621 654 692 682 eos
722 638 915 695 legitime
950 638 1178 694 procreatis
1210 641 1350 682 totum
1381 639 1452 695 jus
1481 642 1525 682 et
1556 641 1765 683 clameum
1794 643 1907 697 quod
1935 642 2066 686 habui
2095 644 2142 686 in

197 731 399 775 maneriis
439 731 491 773 de
533 729 756 772 ORCHARD
798 728 1049 771 LANDYFEY
1100 732 1142 771 et
1190 729 1553 773 MARTHELMAUR
1593 735 1635 773 et
1683 731 1730 773 in
1779 732 1974 775 omnibus
2022 734 2144 776 terris

197 825 288 866 tam
337 821 568 865 arabilibus
618 820 751 877 pratis
789 820 956 876 pascuis
993 820 1178 876 pasturis
1221 821 1351 863 moris
1393 821 1528 864 boscis
1566 821 1675 864 haiis
1714 823 1842 865 vastis
1890 823 2143 867 molendinis

195 917 286 957 tam
314 912 571 956 molendinis
610 911 729 954 bladi
769 926 898 968 quam
937 911 1195 954 molendinis
1235 912 1451 955 fullonicis
1491 912 1615 955 dictis
1652 913 1853 956 maneriis
1892 929 1974 970 que
2012 914 2144 957 habui

197 1021 250 1049 ex
281 1006 393 1048 dono
424 1007 467 1047 et
495 1004 775 1047 feoffamento
805 1003 909 1046 dicti
939 1003 1103 1045 domini
1143 1003 1417 1046 LAURENCII.
1499 1004 1560 1047 Et
1600 1005 1634 1047 si
1683 1005 1744 1047 ita
1775 1005 1996 1061 contingat
2031 1008 2144 1062 quod

195 1096 376 1154 predicti
427 1093 767 1152 [LAURENCIUS]
822 1097 866 1136 et
914 1094 1213 1136 ELIZABETHA
1259 1094 1443 1137 obierint
1492 1094 1583 1137 sine
1621 1094 1847 1138 heredibus
1914 1095 2027 1138 inter
2076 1111 2143 1138 eos

196 1187 390 1245 legitime
434 1186 661 1243 procreatis
707 1189 811 1227 tunc
853 1185 997 1227 omnia
1045 1185 1232 1242 predicte
1281 1186 1471 1228 maneria
1516 1189 1648 1229 terras
1682 1189 1726 1228 et
1764 1189 2009 1229 tenementa
2048 1203 2144 1230 cum

196 1278 394 1322 omnibus
433 1281 521 1321 suis
554 1276 828 1334 pertinenciis
867 1279 1118 1319 remaneant
1158 1277 1331 1320 domino
1373 1278 1485 1320 dicto
1530 1276 1798 1320 LAURENCIO
1837 1277 2063 1320 heredibus
2102 1282 2145 1320 et

194 1370 422 1427 assignatis
481 1370 568 1412 suis
626 1369 954 1424 imperpetuum.
1036 1367 1108 1410 Ita
1167 1369 1282 1424 quod
1340 1384 1418 1411 nec
1467 1383 1547 1425 ego
1596 1369 1734 1411 dictus
1785 1368 1975 1411 THOMAs
2034 1369 2143 1411 Hm

195 1478 274 1505 nec
303 1461 478 1504 heredes
507 1461 593 1503 mei
621 1476 699 1503 nec
719 1459 874 1515 aliquis
904 1459 1013 1502 alius
1042 1460 1214 1502 nomine
1235 1475 1328 1502 meo
1349 1460 1395 1502 in
1426 1459 1622 1502 omnibus
1641 1460 1842 1516 predictis
1861 1460 2061 1503 maneriis
2091 1461 2143 1502 de

193 1553 417 1596 ORCHARD
444 1552 670 1595 LANDFEY
697 1554 740 1594 et
770 1551 1136 1594 MARTHELMAUR
1165 1551 1211 1593 in
1243 1550 1440 1593 omnibus
1465 1550 1589 1593 terris
1609 1554 1699 1593 tam
1719 1551 1841 1593 terris
1861 1550 2144 1608 arabili[bu]s

192 1645 328 1701 pratis
347 1643 513 1700 pascuis
532 1642 716 1699 pasturis
736 1643 865 1686 moris
884 1643 1018 1686 boscis
1048 1642 1156 1685 haiis
1176 1642 1306 1684 vastis
1326 1642 1583 1685 molendinis
1602 1641 1716 1685 bladi
1740 1656 1868 1698 quam
1890 1641 2143 1684 molendinis

193 1735 409 1778 fullonicis
430 1750 527 1778 cum
548 1734 746 1777 omnibus
766 1734 1039 1790 pertinenciis
1060 1733 1183 1775 dictis
1203 1733 1404 1775 maneriis
1425 1733 1712 1789 spectantibus
1733 1734 1785 1775 de
1807 1735 1942 1775 cetero
1973 1732 2143 1789 exigere

189 1827 258 1869 vel
298 1827 479 1868 clamare
519 1825 752 1882 poterimus
791 1828 854 1867 set
894 1825 1068 1868 omnino
1108 1824 1372 1880 presentibus
1411 1839 1557 1866 sumus
1596 1823 1766 1866 exclusi.
1828 1823 1885 1865 In
1921 1822 2044 1879 cujus
2077 1823 2140 1865 rei

191 1917 487 1962 testimonium
526 1916 626 1960 huic
666 1917 852 1972 presenti
892 1916 1035 1972 quiete
1081 1915 1325 1958 clamationi
1364 1915 1556 1972 sigillum
1595 1929 1739 1957 meum
1788 1914 1976 1970 apposui.
2038 1913 2141 1957 Hiis

188 2008 369 2052 testibus
387 2043 395 2051 .
414 2008 444 2052 J
447 2023 633 2051 OHANNE
649 2007 866 2051 NORRAYS
881 2007 1018 2050 milite
1036 2041 1045 2049 .
1065 2006 1233 2050 THOMA
1250 2005 1563 2048 TURBERVILL’
1584 2040 1592 2049 .
1612 2005 1880 2048 LAURENCIO
1895 2005 2134 2048 NORRAYS.

190 2100 221 2144 J
223 2115 412 2144 OHANNE
434 2100 622 2143 DENEYs
645 2135 653 2143 .
676 2100 706 2144 J
709 2114 897 2142 OHANNE
919 2099 1111 2142 RossARn
1132 2102 1175 2141 et
1193 2099 1341 2141 multis
1361 2099 1467 2141 aliis.

249 2192 367 2235 Data
400 2193 515 2248 apud
555 2192 706 2247 (blank)
739 2191 808 2233 die
853 2190 1030 2234 Sabbati
1071 2191 1264 2246 proximo
1306 2199 1405 2232 ante
1450 2190 1610 2232 festum
1655 2188 1801 2232 Sancti
1838 2188 1982 2231 PETRI
2025 2190 2138 2245 quod

189 2283 347 2326 dicitur
378 2284 433 2326 ad
466 2283 638 2326 vincula
673 2298 786 2326 anno
816 2283 941 2339 regni
972 2281 1106 2338 Regis
1127 2281 1354 2323 EDWARDI
1385 2281 1504 2323 tercii
1524 2284 1619 2337 post
1640 2284 1918 2336 conquestum
1951 2279 2136 2322 ANGLIE

192 2375 519 2431 quadragesimo
541 2378 672 2417 sexto.

246 2465 358 2518 Seal,
380 2481 510 2522 green
532 2481 640 2518 wax,
662 2480 688 2508 a
708 2480 860 2518 crown,
882 2465 929 2507 in
949 2464 1071 2508 relief
1089 2480 1097 2507 :
1130 2465 1287 2521 legend
1306 2464 1540 2506 uncertain.

246 2557 544 2602 Endorsed——‘
563 2556 795 2600 Relaxacio
825 2557 994 2599 talliata
1019 2557 1072 2598 de
1102 2555 1421 2598 Marthermaur
1440 2554 1642 2610 Llanffey
1661 2558 1704 2597 et
1724 2553 1950 2597 Orcharde.
2010 2553 2134 2595 Deed

188 2647 306 2704 poll.’
