2386 3645
1929 252 2038 294 1505

154 454 370 511 publicam
389 456 580 499 redactas
599 458 642 499 et
661 456 832 500 redacta
852 456 920 498 vel
940 455 1093 511 sigillis
1123 456 1369 499 auctenticis
1398 457 1586 513 sigillata
1605 461 1679 499 aut
1701 458 1804 500 alias
1833 457 1910 500 sub
1940 457 2098 501 talibus

157 547 284 588 modo
305 549 348 589 et
367 546 506 589 forma
526 562 608 602 que
628 546 688 588 eis
707 546 753 587 in
775 545 975 588 ROMANA
995 546 1111 588 curia
1131 549 1173 588 et
1201 546 1303 588 alibi
1323 547 1369 588 in
1389 547 1549 602 judicio
1570 550 1612 589 et
1642 550 1762 590 extra
1790 548 1929 590 valeat
1949 548 2099 590 merito

157 637 262 679 fides
290 638 481 693 plenaria
515 637 708 680 adhiberi
739 637 872 679 nichil
903 637 1099 679 addendo
1134 638 1202 679 vel
1236 637 1468 680 minuendo
1503 640 1579 680 aut
1613 639 1819 680 mutando
1855 640 1967 694 quod
1997 639 2102 681 facti

156 727 442 770 substanciam
461 728 660 770 immutet
680 743 753 770 seu
773 728 908 770 variet
928 728 1195 769 intellectum
1215 728 1339 770 dictis
1368 728 1550 770 dominis
1581 727 1848 771 WILHELMO
1869 728 2102 771 MEURUCK

156 818 302 861 abbati
334 822 377 861 et
414 819 641 862 conventui
680 819 927 861 monasterii
961 818 1083 861 beate
1118 819 1279 861 MARIE
1307 820 1359 861 de
1394 819 1626 862 MORGANE
1657 819 1836 874 predicti
1863 834 1935 861 seu
1959 835 2103 862 eorum

156 910 327 952 sindicis
363 910 570 966 legitimis
602 912 678 952 aut
711 909 1053 965 procuratoribus
1087 911 1154 952 vel
1189 911 1452 966 presencium
1485 910 1713 953 exhibitori
1740 910 1829 952 sine
1857 910 2105 952 difficultate

158 1004 200 1042 et
241 1001 571 1043 contradictione
613 1000 935 1057 quibuscunque
975 1002 1148 1043 tradant
1188 1004 1231 1043 et
1267 1002 1487 1058 assignent
1519 1017 1567 1043 ac
1607 1001 1816 1043 transumi
1855 1001 2105 1056 permittant

155 1092 317 1134 faciant
337 1094 379 1134 et
398 1094 625 1147 procurent
645 1091 767 1134 nobis
787 1092 854 1133 vel
875 1092 998 1134 alteri
1018 1092 1189 1134 interim
1210 1092 1353 1134 forsan
1373 1093 1463 1135 loco
1484 1092 1618 1135 nostri
1638 1092 1900 1148 surrogando
1920 1091 2104 1133 auditori

161 1183 216 1224 ad
246 1182 483 1225 ROMANAM
514 1183 675 1225 curiam
706 1182 950 1234 deferenda,
987 1183 1202 1225 satisfacto
1235 1183 1434 1238 primitus
1457 1182 1522 1224 illi
1552 1182 1620 1224 vel
1647 1182 1733 1224 illis
1761 1182 1828 1224 cui
1859 1182 1927 1224 vel
1957 1181 2110 1236 quibus

158 1271 290 1314 fuerit
321 1272 669 1315 satisfaciendum
704 1273 757 1315 de
793 1273 944 1315 salario
970 1287 1116 1314 eorum
1144 1272 1410 1328 competenti.
1486 1272 1614 1319 Quod
1647 1272 1681 1314 si
1709 1272 1841 1327 aliqui
1870 1272 1983 1314 dicta
2013 1271 2112 1327 jura

161 1363 248 1406 sive
272 1363 541 1406 munimenta
561 1364 608 1405 in
635 1363 880 1406 abscondito
908 1378 982 1406 seu
1013 1363 1116 1405 alias
1146 1366 1292 1405 contra
1321 1364 1531 1405 dictorum
1561 1363 1829 1405 dominorum
1854 1362 2111 1405 WILHELM1

158 1453 394 1497 MEURUCK
428 1454 594 1497 abbatis
629 1457 673 1496 et
704 1457 936 1496 conventus
974 1454 1220 1496 monasterii
1252 1453 1373 1496 beate
1403 1454 1564 1496 MAROE
1601 1455 1653 1496 de
1681 1453 1910 1496 MoRGANE
1932 1453 2112 1508 predicti

160 1545 460 1601 principalium
500 1546 568 1587 vel
608 1561 753 1587 eorum
794 1546 1005 1588 sindicum
1045 1561 1093 1588 ac
1136 1550 1455 1601 procuratorum
1490 1545 1755 1588 voluntatem
1798 1544 2112 1600 quomodolibet

163 1636 384 1678 detineant
407 1670 415 1677 .
439 1639 515 1678 aut
534 1636 738 1679 habentes
760 1637 894 1679 sciant
917 1671 925 1678 .
950 1637 1189 1679 detentores
1205 1637 1316 1692 ipsos
1337 1638 1391 1679 ad
1412 1638 1668 1679 tradendum
1690 1640 1731 1678 et
1762 1637 1939 1679 scientes
1959 1636 2113 1678 habere

163 1728 218 1769 ad
252 1727 530 1770 revelandum
565 1727 814 1783 hujusmodi
848 1728 946 1783 jura
982 1728 1068 1769 sive
1105 1728 1371 1770 munimenta
1412 1728 1663 1770 auctoritate
1703 1732 1846 1770 nostra
1886 1727 2114 1783 apostolica

163 1818 330 1875 prefata
359 1834 434 1874 per
466 1833 684 1861 censuram
721 1818 1040 1861 ecclesiasticam
1084 1819 1370 1874 appellacione
1411 1819 1644 1874 postposita
1683 1818 1944 1874 compellatis
1984 1818 2114 1860 Diem

163 1924 261 1952 vero
282 1909 572 1965 requisicionis
593 1912 635 1952 et
655 1910 906 1952 monicionis
926 1916 1161 1951 vestrarum
1183 1910 1431 1964 hujusmodi
1462 1913 1504 1952 et
1534 1912 1694 1965 quanta
1724 1910 1827 1951 fides
1857 1909 1981 1951 dictis
2011 1909 2114 1951 actis

163 2002 206 2042 et
225 2000 508 2043 munimentis
529 2001 661 2043 fuerit
681 2000 921 2043 adhibenda
943 2003 986 2043 et
1006 2001 1207 2056 quicquid
1237 2001 1283 2042 in
1314 2001 1526 2056 premissis
1556 2000 1674 2043 vobis
1703 2001 1909 2043 relatione
1931 2001 2112 2057 dignum

161 2091 387 2134 occurrerit
417 2091 599 2134 fideliter
628 2091 828 2133 intimare
859 2092 1023 2133 curetis.
1102 2091 1230 2138 Quod
1261 2092 1294 2133 si
1325 2092 1435 2134 forte
1465 2092 1667 2148 premissa
1697 2092 1841 2133 omnia
1871 2096 1911 2133 et
1943 2091 2113 2147 singula

166 2186 291 2237 prout
322 2183 376 2224 ad
407 2197 481 2224 vos
511 2186 553 2224 et
584 2197 652 2224 eos
683 2198 730 2225 ac
751 2184 938 2224 vestrum
961 2185 1003 2224 et
1023 2197 1168 2225 eorum
1190 2182 1422 2238 quemlibet
1451 2183 1637 2238 pertinet
1665 2197 1751 2224 non
1783 2182 2114 2237 adimpleveritis

163 2287 236 2314 seu
267 2272 594 2328 adimpleverint
624 2288 721 2315 cum
751 2273 906 2316 effectu
936 2288 983 2315 ac
1013 2274 1226 2315 mandatis
1257 2278 1299 2315 et
1339 2273 1648 2316 monicionibus
1678 2274 1832 2315 nostris
1862 2272 2110 2328 hujusmodi

162 2364 404 2419 ymoverius
437 2364 675 2420 apostolicis
709 2379 796 2406 non
836 2364 1062 2419 parueritis
1098 2379 1170 2406 seu
1205 2365 1424 2419 paruerint
1457 2368 1530 2406 aut
1564 2365 1729 2420 aliquid
1770 2364 1814 2406 in
1852 2364 2109 2406 contrarium

161 2454 347 2497 feceritis
380 2470 454 2497 seu
485 2455 665 2498 fecerint
692 2470 765 2497 vos
796 2471 871 2511 per
909 2471 982 2497 vos
1016 2455 1095 2511 ipsi
1137 2471 1210 2511 per
1244 2471 1286 2498 se
1327 2456 1395 2498 vel
1435 2456 1568 2498 alium
1601 2471 1674 2498 seu
1709 2456 1812 2497 alios
1847 2455 2013 2510 publice
2040 2455 2107 2496 vel

162 2547 322 2588 occulte
353 2547 508 2589 directe
539 2548 606 2589 vel
636 2548 840 2589 indirecte
872 2547 1020 2602 quovis
1052 2548 1215 2603 quesito
1246 2549 1380 2590 colore
1410 2548 1456 2589 in
1497 2563 1569 2590 vos
1599 2554 1639 2590 et
1672 2563 1741 2590 eos
1771 2563 1818 2589 ac
1848 2551 2034 2589 vestrum
2065 2549 2106 2588 et

159 2651 306 2679 eorum
346 2637 578 2692 quemlibet
619 2653 666 2680 ao
706 2638 979 2694 singulariter
1019 2639 1063 2679 in
1105 2638 1295 2694 singulos
1335 2639 1660 2681 contradictores
1700 2639 1745 2680 in
1786 2638 1864 2680 hac
1904 2642 2022 2693 parte
2063 2640 2104 2678 et

165 2726 341 2769 rebelles
377 2742 544 2770 exnunc
579 2731 707 2784 prout
739 2732 895 2770 extunc
930 2728 1043 2770 dicta
1078 2729 1278 2771 canonica
1312 2729 1549 2771 monicione
1577 2729 1778 2785 premissa
1818 2728 2104 2770 excommuni-

166 2817 344 2859 cacionis
370 2818 417 2859 in
443 2819 629 2874 capitula
649 2834 747 2861 vero
779 2822 820 2861 et
848 2819 1027 2875 collegia
1052 2835 1300 2875 quecunque
1322 2821 1367 2862 in
1395 2820 1477 2862 hiis
1504 2819 1799 2875 delinquencia
1823 2820 2107 2875 suspensionis

165 2923 190 2948 a
214 2908 371 2950 divinis
399 2911 441 2950 et
468 2909 513 2950 in
539 2909 728 2964 ipsorum
755 2909 1100 2965 delinquencium
1130 2910 1320 2952 ecclesias
1349 2913 1392 2952 et
1416 2910 1669 2951 monasteria
1697 2910 1911 2951 interdicti
1944 2910 2107 2951 ecclesi-

165 2998 285 3039 astici
313 2999 547 3040 sentencias
577 2999 753 3041 ferimus
787 3000 833 3042 in
860 3000 942 3042 hiis
970 3001 1134 3056 scriptis
1165 3004 1206 3042 et
1237 3001 1369 3042 eciam
1402 3001 1722 3056 promulgamus
1755 3033 1762 3042 .
1797 2999 2107 3041 absolucionem

368 3138 435 3173 80
