<?xml version="1.0" encoding="UTF-8"?>
<!DOCTYPE html PUBLIC "-//W3C//DTD XHTML 1.0 Transitional//EN"
    "http://www.w3.org/TR/xhtml1/DTD/xhtml1-transitional.dtd">
<html xmlns="http://www.w3.org/1999/xhtml" xml:lang="en" lang="en">
 <head>
  <title>
</title>
<meta http-equiv="Content-Type" content="text/html;charset=utf-8" />
  <meta name='ocr-system' content='tesseract 3.04.00' />
  <meta name='ocr-capabilities' content='ocr_page ocr_carea ocr_par ocr_line ocrx_word'/>
</head>
<body>
  <div class='ocr_page' id='page_1' title='image "./cartaeetaliamuni04claruoft_0390.png"; bbox 0 0 2386 3645; ppageno 0'>
   <div class='ocr_carea' id='block_1_1' title="bbox 283 289 392 330">
    <p class='ocr_par' dir='ltr' id='par_1_1' title="bbox 283 289 392 330">
     <span class='ocr_line' id='line_1_1' title="bbox 283 289 392 330; baseline 0 0"><span class='ocrx_word' id='word_1_1' title='bbox 283 289 392 330; x_wconf 80' lang='lat'>1482</span> 
     </span>
    </p>
   </div>
   <div class='ocr_carea' id='block_1_2' title="bbox 218 495 2157 554">
    <p class='ocr_par' dir='ltr' id='par_1_2' title="bbox 218 495 2157 554">
     <span class='ocr_line' id='line_1_2' title="bbox 218 495 2157 554; baseline 0.002 -17"><span class='ocrx_word' id='word_1_2' title='bbox 218 495 377 538; x_wconf 83' lang='lat' dir='ltr'>ibidem</span> <span class='ocrx_word' id='word_1_3' title='bbox 409 530 417 538; x_wconf 89' lang='lat'><strong>.</strong></span> <span class='ocrx_word' id='word_1_4' title='bbox 450 495 670 538; x_wconf 78' lang='lat' dir='ltr'><strong>JOHANNE</strong></span> <span class='ocrx_word' id='word_1_5' title='bbox 700 495 890 538; x_wconf 80' lang='lat' dir='ltr'>THOMAS</span> <span class='ocrx_word' id='word_1_6' title='bbox 921 498 973 539; x_wconf 91' lang='lat' dir='ltr'>de</span> <span class='ocrx_word' id='word_1_7' title='bbox 1003 496 1264 539; x_wconf 79' lang='lat' dir='ltr'>LANDIMOR&#39;</span> <span class='ocrx_word' id='word_1_8' title='bbox 1308 531 1316 539; x_wconf 92' lang='lat'><strong>.</strong></span> <span class='ocrx_word' id='word_1_9' title='bbox 1350 497 1536 540; x_wconf 60' lang='lat' dir='ltr'>Roomzo</span> <span class='ocrx_word' id='word_1_10' title='bbox 1577 497 1766 540; x_wconf 67' lang='lat' dir='ltr'>Tuoms</span> <span class='ocrx_word' id='word_1_11' title='bbox 1809 531 1818 543; x_wconf 89' lang='lat'>.</span> <span class='ocrx_word' id='word_1_12' title='bbox 1863 497 2064 540; x_wconf 81' lang='lat' dir='ltr'>HOPKYN</span> <span class='ocrx_word' id='word_1_13' title='bbox 2104 513 2157 554; x_wconf 84' lang='lat' dir='ltr'>ap</span> 
     </span>
    </p>
   </div>
   <div class='ocr_carea' id='block_1_3' title="bbox 218 586 2160 824">
    <p class='ocr_par' dir='ltr' id='par_1_3' title="bbox 218 586 2160 824">
     <span class='ocr_line' id='line_1_3' title="bbox 218 586 1071 644; baseline 0.002 -16"><span class='ocrx_word' id='word_1_14' title='bbox 218 586 407 629; x_wconf 76' lang='lat' dir='ltr'><strong>THOMAS</strong></span> <span class='ocrx_word' id='word_1_15' title='bbox 428 602 481 642; x_wconf 86' lang='lat' dir='ltr'>ap</span> <span class='ocrx_word' id='word_1_16' title='bbox 502 586 716 644; x_wconf 78' lang='lat' dir='ltr'>M[Ano]c</span> <span class='ocrx_word' id='word_1_17' title='bbox 736 591 779 629; x_wconf 88' lang='lat' dir='ltr'>et</span> <span class='ocrx_word' id='word_1_18' title='bbox 798 588 946 630; x_wconf 81' lang='lat' dir='ltr'>multis</span> <span class='ocrx_word' id='word_1_19' title='bbox 965 588 1071 630; x_wconf 85' lang='lat' dir='ltr'>aliis.</span> 
     </span>
     <span class='ocr_line' id='line_1_4' title="bbox 276 677 2160 735; baseline 0.001 -16"><span class='ocrx_word' id='word_1_20' title='bbox 276 677 439 719; x_wconf 82' lang='lat' dir='ltr'>Datum</span> <span class='ocrx_word' id='word_1_21' title='bbox 461 680 502 719; x_wconf 87' lang='lat' dir='ltr'>et</span> <span class='ocrx_word' id='word_1_22' title='bbox 523 677 761 720; x_wconf 84' lang='lat' dir='ltr'>confectum</span> <span class='ocrx_word' id='word_1_23' title='bbox 781 679 895 733; x_wconf 81' lang='lat' dir='ltr'>apud</span> <span class='ocrx_word' id='word_1_24' title='bbox 915 677 1179 720; x_wconf 82' lang='lat' dir='ltr'>SWEYNNES&#39;</span> <span class='ocrx_word' id='word_1_25' title='bbox 1203 711 1213 721; x_wconf 91' lang='lat'><em>.</em></span> <span class='ocrx_word' id='word_1_26' title='bbox 1235 679 1363 721; x_wconf 84' lang='lat' dir='ltr'>tercio</span> <span class='ocrx_word' id='word_1_27' title='bbox 1383 679 1452 721; x_wconf 89' lang='lat' dir='ltr'>die</span> <span class='ocrx_word' id='word_1_28' title='bbox 1466 680 1622 722; x_wconf 79' lang='lat' dir='ltr'>mensis</span> <span class='ocrx_word' id='word_1_29' title='bbox 1636 679 1666 721; x_wconf 82' lang='lat' dir='ltr'><strong>J</strong></span> <span class='ocrx_word' id='word_1_30' title='bbox 1668 678 1746 721; x_wconf 89' lang='lat' dir='ltr'>ulii</span> <span class='ocrx_word' id='word_1_31' title='bbox 1762 693 1874 721; x_wconf 87' lang='lat' dir='ltr'>anno</span> <span class='ocrx_word' id='word_1_32' title='bbox 1886 679 2009 734; x_wconf 86' lang='lat' dir='ltr'>regni</span> <span class='ocrx_word' id='word_1_33' title='bbox 2026 678 2160 735; x_wconf 80' lang='lat' dir='ltr'>Regis</span> 
     </span>
     <span class='ocr_line' id='line_1_5' title="bbox 218 768 1178 824; baseline 0.001 -15"><span class='ocrx_word' id='word_1_34' title='bbox 218 768 423 810; x_wconf 72' lang='lat' dir='ltr'>HENmm</span> <span class='ocrx_word' id='word_1_35' title='bbox 445 768 585 823; x_wconf 87' lang='lat' dir='ltr'>quinti</span> <span class='ocrx_word' id='word_1_36' title='bbox 605 771 700 823; x_wconf 86' lang='lat' dir='ltr'>post</span> <span class='ocrx_word' id='word_1_37' title='bbox 719 775 994 824; x_wconf 86' lang='lat' dir='ltr'>conquestum</span> <span class='ocrx_word' id='word_1_38' title='bbox 1015 769 1178 824; x_wconf 83' lang='lat' dir='ltr'>quinto.</span> 
     </span>
    </p>
   </div>
   <div class='ocr_carea' id='block_1_4' title="bbox 275 859 2160 916">
    <p class='ocr_par' dir='ltr' id='par_1_4' title="bbox 275 859 2160 916">
     <span class='ocr_line' id='line_1_6' title="bbox 275 859 2160 916; baseline 0.001 -15"><span class='ocrx_word' id='word_1_39' title='bbox 275 859 378 901; x_wconf 86' lang='lat' dir='ltr'>Two</span> <span class='ocrx_word' id='word_1_40' title='bbox 399 860 516 910; x_wconf 86' lang='lat' dir='ltr'>seals‚</span> <span class='ocrx_word' id='word_1_41' title='bbox 538 860 613 901; x_wconf 87' lang='lat' dir='ltr'>red</span> <span class='ocrx_word' id='word_1_42' title='bbox 634 874 740 910; x_wconf 70' lang='lat' dir='ltr'>waX,</span> <span class='ocrx_word' id='word_1_43' title='bbox 763 874 875 901; x_wconf 88' lang='lat' dir='ltr'>mere</span> <span class='ocrx_word' id='word_1_44' title='bbox 895 860 1035 915; x_wconf 86' lang='lat' dir='ltr'>lumps</span> <span class='ocrx_word' id='word_1_45' title='bbox 1053 875 1061 910; x_wconf 90' lang='grc'><strong>;</strong></span> <span class='ocrx_word' id='word_1_46' title='bbox 1095 874 1174 901; x_wconf 88' lang='lat' dir='ltr'>one</span> <span class='ocrx_word' id='word_1_47' title='bbox 1195 859 1386 916; x_wconf 87' lang='lat' dir='ltr'>shewing</span> <span class='ocrx_word' id='word_1_48' title='bbox 1405 876 1460 902; x_wconf 91' lang='lat' dir='ltr'>no</span> <span class='ocrx_word' id='word_1_49' title='bbox 1492 860 1755 916; x_wconf 87' lang='lat' dir='ltr'>impression,</span> <span class='ocrx_word' id='word_1_50' title='bbox 1787 860 1859 902; x_wconf 87' lang='lat' dir='ltr'>the</span> <span class='ocrx_word' id='word_1_51' title='bbox 1890 860 2011 902; x_wconf 89' lang='lat' dir='ltr'>other</span> <span class='ocrx_word' id='word_1_52' title='bbox 2040 860 2160 903; x_wconf 87' lang='lat' dir='ltr'>bears</span> 
     </span>
    </p>
   </div>
   <div class='ocr_carea' id='block_1_5' title="bbox 216 950 653 991">
    <p class='ocr_par' dir='ltr' id='par_1_5' title="bbox 216 950 653 991">
     <span class='ocr_line' id='line_1_7' title="bbox 216 950 653 991; baseline 0 0"><span class='ocrx_word' id='word_1_53' title='bbox 216 965 271 991; x_wconf 84' lang='lat' dir='ltr'>an</span> <span class='ocrx_word' id='word_1_54' title='bbox 292 950 484 991; x_wconf 86' lang='lat' dir='ltr'>outlined</span> <span class='ocrx_word' id='word_1_55' title='bbox 505 950 653 991; x_wconf 84' lang='lat' dir='ltr'>shield.</span> 
     </span>
    </p>
   </div>
   <div class='ocr_carea' id='block_1_6' title="bbox 782 1024 1586 1061">
    <p class='ocr_par' dir='ltr' id='par_1_6' title="bbox 782 1024 1586 1061">
     <span class='ocr_line' id='line_1_8' title="bbox 782 1024 1586 1061; baseline 0.001 -10"><span class='ocrx_word' id='word_1_56' title='bbox 782 1025 829 1061; x_wconf 75' lang='lat' dir='ltr'>(l)</span> <span class='ocrx_word' id='word_1_57' title='bbox 854 1024 946 1052; x_wconf 78' lang='lat' dir='ltr'>Some</span> <span class='ocrx_word' id='word_1_58' title='bbox 964 1024 1066 1052; x_wconf 73' lang='lat' dir='ltr'>words</span> <span class='ocrx_word' id='word_1_59' title='bbox 1083 1024 1218 1053; x_wconf 80' lang='lat' dir='ltr'>omitted</span> <span class='ocrx_word' id='word_1_60' title='bbox 1235 1024 1307 1053; x_wconf 82' lang='lat' dir='ltr'>here</span> <span class='ocrx_word' id='word_1_61' title='bbox 1323 1025 1353 1053; x_wconf 87' lang='lat' dir='ltr'>in</span> <span class='ocrx_word' id='word_1_62' title='bbox 1369 1024 1424 1053; x_wconf 77' lang='lat' dir='ltr'>the</span> <span class='ocrx_word' id='word_1_63' title='bbox 1439 1024 1586 1061; x_wconf 68' lang='lat' dir='ltr'>original.</span> 
     </span>
    </p>
   </div>
   <div class='ocr_carea' id='block_1_7' title="bbox 1082 1204 1283 1247">
    <p class='ocr_par' dir='ltr' id='par_1_7' title="bbox 1082 1204 1283 1247">
     <span class='ocr_line' id='line_1_9' title="bbox 1082 1204 1283 1247; baseline 0.005 -1"><span class='ocrx_word' id='word_1_64' title='bbox 1082 1204 1283 1247; x_wconf 80' lang='lat' dir='ltr'>MCXII.</span> 
     </span>
    </p>
   </div>
   <div class='ocr_carea' id='block_1_8' title="bbox 212 1312 2160 1629">
    <p class='ocr_par' dir='ltr' id='par_1_8' title="bbox 212 1312 2160 1629">
     <span class='ocr_line' id='line_1_10' title="bbox 212 1312 2160 1369; baseline 0 -14"><span class='ocrx_word' id='word_1_65' title='bbox 212 1313 426 1356; x_wconf 76' lang='lat' dir='ltr'><strong>GRANT</strong></span> <span class='ocrx_word' id='word_1_66' title='bbox 478 1313 563 1354; x_wconf 78' lang='lat' dir='ltr'>BY</span> <span class='ocrx_word' id='word_1_67' title='bbox 614 1312 782 1355; x_wconf 87' lang='lat' dir='ltr'><strong>JOHN</strong></span> <span class='ocrx_word' id='word_1_68' title='bbox 834 1312 1226 1369; x_wconf 78' lang='lat' dir='ltr'>[MOWBRAY]‚</span> <span class='ocrx_word' id='word_1_69' title='bbox 1288 1312 1459 1355; x_wconf 80' lang='lat' dir='ltr'><strong>EARL</strong></span> <span class='ocrx_word' id='word_1_70' title='bbox 1519 1312 1827 1355; x_wconf 82' lang='lat' dir='ltr'><strong>MARSHAL</strong></span> <span class='ocrx_word' id='word_1_71' title='bbox 1888 1312 2022 1355; x_wconf 90' lang='lat' dir='ltr'>AND</span> <span class='ocrx_word' id='word_1_72' title='bbox 2083 1314 2160 1355; x_wconf 89' lang='lat' dir='ltr'>OF</span> 
     </span>
     <span class='ocr_line' id='line_1_11' title="bbox 354 1403 2160 1455; baseline -0.001 -8"><span class='ocrx_word' id='word_1_73' title='bbox 354 1404 795 1455; x_wconf 76' lang='lat' dir='ltr'><strong>NOTTINGHAM,</strong></span> <span class='ocrx_word' id='word_1_74' title='bbox 857 1403 1025 1446; x_wconf 81' lang='lat' dir='ltr'><strong>LORD</strong></span> <span class='ocrx_word' id='word_1_75' title='bbox 1094 1403 1171 1445; x_wconf 90' lang='lat' dir='ltr'>OF</span> <span class='ocrx_word' id='word_1_76' title='bbox 1241 1403 1581 1455; x_wconf 81' lang='lat' dir='ltr'><strong>MOWBRAY,</strong></span> <span class='ocrx_word' id='word_1_77' title='bbox 1654 1403 1957 1453; x_wconf 78' lang='lat' dir='ltr'><strong>SEGRAVE,</strong></span> <span class='ocrx_word' id='word_1_78' title='bbox 2025 1404 2160 1446; x_wconf 90' lang='lat' dir='ltr'>AND</span> 
     </span>
     <span class='ocr_line' id='line_1_12' title="bbox 355 1493 2153 1547; baseline -0.001 -9"><span class='ocrx_word' id='word_1_79' title='bbox 355 1495 596 1547; x_wconf 77' lang='lat' dir='ltr'><strong>GOWER,</strong></span> <span class='ocrx_word' id='word_1_80' title='bbox 647 1494 723 1536; x_wconf 77' lang='lat' dir='ltr'>TO</span> <span class='ocrx_word' id='word_1_81' title='bbox 775 1494 985 1537; x_wconf 74' lang='lat' dir='ltr'>ROGER</span> <span class='ocrx_word' id='word_1_82' title='bbox 1043 1493 1432 1546; x_wconf 81' lang='lat' dir='ltr'>JOUDRELLE,</span> <span class='ocrx_word' id='word_1_83' title='bbox 1495 1494 1573 1536; x_wconf 91' lang='lat' dir='ltr'>OF</span> <span class='ocrx_word' id='word_1_84' title='bbox 1637 1494 1681 1536; x_wconf 91' lang='lat' dir='ltr'>A</span> <span class='ocrx_word' id='word_1_85' title='bbox 1737 1494 2040 1537; x_wconf 69' lang='lat' dir='ltr'><strong>BURGAGE</strong></span> <span class='ocrx_word' id='word_1_86' title='bbox 2087 1494 2153 1536; x_wconf 87' lang='lat' dir='ltr'>IN</span> 
     </span>
     <span class='ocr_line' id='line_1_13' title="bbox 353 1585 666 1629; baseline -0.003 -1"><span class='ocrx_word' id='word_1_87' title='bbox 353 1585 666 1629; x_wconf 78' lang='lat' dir='ltr'><strong>SWANSEA.</strong></span> 
     </span>
    </p>
   </div>
   <div class='ocr_carea' id='block_1_9' title="bbox 924 1641 1443 1699">
    <p class='ocr_par' dir='ltr' id='par_1_9' title="bbox 924 1641 1443 1699">
     <span class='ocr_line' id='line_1_14' title="bbox 924 1641 1443 1699; baseline 0 -15"><span class='ocrx_word' id='word_1_88' title='bbox 924 1641 1154 1699; x_wconf 79' lang='lat' dir='ltr'>[MARGAM</span> <span class='ocrx_word' id='word_1_89' title='bbox 1187 1641 1443 1699; x_wconf 69' lang='lat' dir='ltr'>CHARTER]</span> 
     </span>
    </p>
   </div>
   <div class='ocr_carea' id='block_1_10' title="bbox 1395 1750 2101 1794">
    <p class='ocr_par' dir='ltr' id='par_1_10' title="bbox 1395 1750 2101 1794">
     <span class='ocr_line' id='line_1_15' title="bbox 1395 1750 2101 1794; baseline 0 -1"><span class='ocrx_word' id='word_1_90' title='bbox 1395 1751 1447 1793; x_wconf 83' lang='lat'>12</span> <span class='ocrx_word' id='word_1_91' title='bbox 1469 1750 1585 1794; x_wconf 87' lang='lat' dir='ltr'>Nov.</span> <span class='ocrx_word' id='word_1_92' title='bbox 1649 1753 1673 1792; x_wconf 89' lang='grc'><em>5</em></span> <span class='ocrx_word' id='word_1_93' title='bbox 1696 1751 1821 1793; x_wconf 81' lang='grc' dir='ltr'><strong>ΗΕΝ.</strong></span> <span class='ocrx_word' id='word_1_94' title='bbox 1855 1751 1912 1794; x_wconf 91' lang='lat' dir='ltr'>V.</span> <span class='ocrx_word' id='word_1_95' title='bbox 1979 1752 2101 1793; x_wconf 83' lang='lat'>1417.</span> 
     </span>
    </p>
   </div>
   <div class='ocr_carea' id='block_1_11' title="bbox 211 1857 2162 2639">
    <p class='ocr_par' dir='ltr' id='par_1_11' title="bbox 211 1857 2162 2639">
     <span class='ocr_line' id='line_1_16' title="bbox 269 1857 2159 1914; baseline -0.001 -12"><span class='ocrx_word' id='word_1_96' title='bbox 269 1859 415 1902; x_wconf 82' lang='lat' dir='ltr'>Sciant</span> <span class='ocrx_word' id='word_1_97' title='bbox 436 1861 651 1914; x_wconf 73' lang='lat' dir='ltr'><strong>presentes</strong></span> <span class='ocrx_word' id='word_1_98' title='bbox 671 1862 713 1900; x_wconf 90' lang='lat' dir='ltr'>et</span> <span class='ocrx_word' id='word_1_99' title='bbox 732 1858 869 1900; x_wconf 83' lang='lat' dir='ltr'>futuri</span> <span class='ocrx_word' id='word_1_100' title='bbox 890 1860 1004 1913; x_wconf 87' lang='lat' dir='ltr'>quod</span> <span class='ocrx_word' id='word_1_101' title='bbox 1029 1873 1105 1900; x_wconf 91' lang='lat' dir='ltr'>nos</span> <span class='ocrx_word' id='word_1_102' title='bbox 1135 1858 1164 1900; x_wconf 85' lang='lat' dir='ltr'><strong>J</strong></span> <span class='ocrx_word' id='word_1_103' title='bbox 1167 1872 1378 1900; x_wconf 80' lang='lat' dir='ltr'><strong>OHANNES</strong></span> <span class='ocrx_word' id='word_1_104' title='bbox 1399 1872 1535 1900; x_wconf 84' lang='lat' dir='ltr'>comes</span> <span class='ocrx_word' id='word_1_105' title='bbox 1562 1857 1861 1900; x_wconf 82' lang='lat' dir='ltr'>mareschallus</span> <span class='ocrx_word' id='word_1_106' title='bbox 1882 1862 1924 1900; x_wconf 89' lang='lat' dir='ltr'>et</span> <span class='ocrx_word' id='word_1_107' title='bbox 1946 1858 2159 1900; x_wconf 81' lang='lat' dir='ltr'>NOTYNG-</span> 
     </span>
     <span class='ocr_line' id='line_1_17' title="bbox 211 1948 2160 1994; baseline -0.001 -1"><span class='ocrx_word' id='word_1_108' title='bbox 211 1966 361 1994; x_wconf 76' lang='lat' dir='ltr'><strong>HAMIE</strong></span> <span class='ocrx_word' id='word_1_109' title='bbox 382 1951 682 1992; x_wconf 80' lang='lat' dir='ltr'>mareschallus</span> <span class='ocrx_word' id='word_1_110' title='bbox 709 1949 893 1992; x_wconf 73' lang='lat' dir='ltr'>ANGLm</span> <span class='ocrx_word' id='word_1_111' title='bbox 926 1949 1123 1991; x_wconf 89' lang='lat' dir='ltr'>dominus</span> <span class='ocrx_word' id='word_1_112' title='bbox 1154 1950 1205 1991; x_wconf 88' lang='lat' dir='ltr'>de</span> <span class='ocrx_word' id='word_1_113' title='bbox 1236 1949 1474 1991; x_wconf 76' lang='lat' dir='ltr'><strong>MOWBRAY</strong></span> <span class='ocrx_word' id='word_1_114' title='bbox 1504 1949 1557 1990; x_wconf 88' lang='lat' dir='ltr'>de</span> <span class='ocrx_word' id='word_1_115' title='bbox 1588 1948 1800 1990; x_wconf 79' lang='lat' dir='ltr'><strong>SEGRAVE</strong></span> <span class='ocrx_word' id='word_1_116' title='bbox 1831 1951 1874 1990; x_wconf 88' lang='lat' dir='ltr'>et</span> <span class='ocrx_word' id='word_1_117' title='bbox 1904 1950 1956 1990; x_wconf 90' lang='lat' dir='ltr'>de</span> <span class='ocrx_word' id='word_1_118' title='bbox 1989 1948 2160 1991; x_wconf 73' lang='lat' dir='ltr'>Gownn</span> 
     </span>
     <span class='ocr_line' id='line_1_18' title="bbox 211 2039 2158 2095; baseline -0.002 -9"><span class='ocrx_word' id='word_1_119' title='bbox 211 2043 406 2086; x_wconf 80' lang='lat' dir='ltr'>dedimus</span> <span class='ocrx_word' id='word_1_120' title='bbox 419 2042 696 2085; x_wconf 75' lang='lat' dir='ltr'>concessimus</span> <span class='ocrx_word' id='word_1_121' title='bbox 712 2045 754 2083; x_wconf 90' lang='lat' dir='ltr'>et</span> <span class='ocrx_word' id='word_1_122' title='bbox 768 2042 847 2083; x_wconf 83' lang='lat' dir='ltr'>hac</span> <span class='ocrx_word' id='word_1_123' title='bbox 859 2041 1045 2095; x_wconf 77' lang='lat' dir='ltr'>presenti</span> <span class='ocrx_word' id='word_1_124' title='bbox 1061 2044 1175 2083; x_wconf 85' lang='lat' dir='ltr'>carta</span> <span class='ocrx_word' id='word_1_125' title='bbox 1190 2044 1334 2083; x_wconf 85' lang='lat' dir='ltr'>nostra</span> <span class='ocrx_word' id='word_1_126' title='bbox 1347 2040 1688 2083; x_wconf 84' lang='lat' dir='ltr'>confirmavimus</span> <span class='ocrx_word' id='word_1_127' title='bbox 1705 2039 1832 2081; x_wconf 63' lang='lat' dir='ltr'>Rom:</span> <span class='ocrx_word' id='word_1_128' title='bbox 1839 2054 1891 2082; x_wconf 78' lang='lat' dir='ltr'>Ro</span> <span class='ocrx_word' id='word_1_129' title='bbox 1908 2039 1936 2082; x_wconf 89' lang='lat' dir='ltr'>J</span> <span class='ocrx_word' id='word_1_130' title='bbox 1939 2039 2158 2082; x_wconf 78' lang='lat' dir='ltr'>OUDRELL’</span> 
     </span>
     <span class='ocr_line' id='line_1_19' title="bbox 212 2129 2160 2189; baseline -0.002 -13"><span class='ocrx_word' id='word_1_131' title='bbox 212 2134 436 2176; x_wconf 81' lang='lat' dir='ltr'>heredibus</span> <span class='ocrx_word' id='word_1_132' title='bbox 456 2137 499 2175; x_wconf 80' lang='lat' dir='ltr'>et</span> <span class='ocrx_word' id='word_1_133' title='bbox 520 2133 745 2189; x_wconf 85' lang='lat' dir='ltr'>assignatis</span> <span class='ocrx_word' id='word_1_134' title='bbox 766 2133 852 2175; x_wconf 89' lang='lat' dir='ltr'>suis</span> <span class='ocrx_word' id='word_1_135' title='bbox 873 2148 1007 2175; x_wconf 89' lang='lat' dir='ltr'>unum</span> <span class='ocrx_word' id='word_1_136' title='bbox 1030 2129 1289 2188; x_wconf 77' lang='lat' dir='ltr'>burgagium</span> <span class='ocrx_word' id='word_1_137' title='bbox 1310 2147 1406 2174; x_wconf 89' lang='lat' dir='ltr'>cum</span> <span class='ocrx_word' id='word_1_138' title='bbox 1425 2131 1695 2187; x_wconf 84' lang='lat' dir='ltr'>pertinentiis</span> <span class='ocrx_word' id='word_1_139' title='bbox 1730 2129 1817 2187; x_wconf 89' lang='lat' dir='ltr'>[in]</span> <span class='ocrx_word' id='word_1_140' title='bbox 1853 2131 2160 2174; x_wconf 75' lang='lat' dir='ltr'>SWEYNESEYE</span> 
     </span>
     <span class='ocr_line' id='line_1_20' title="bbox 213 2221 2158 2281; baseline -0.002 -14"><span class='ocrx_word' id='word_1_141' title='bbox 213 2225 327 2281; x_wconf 91' lang='lat' dir='ltr'>quod</span> <span class='ocrx_word' id='word_1_142' title='bbox 347 2224 460 2281; x_wconf 81' lang='lat' dir='ltr'>jacet</span> <span class='ocrx_word' id='word_1_143' title='bbox 479 2225 592 2266; x_wconf 90' lang='lat' dir='ltr'>inter</span> <span class='ocrx_word' id='word_1_144' title='bbox 611 2227 903 2266; x_wconf 77' lang='lat' dir='ltr'>tenementum</span> <span class='ocrx_word' id='word_1_145' title='bbox 924 2239 1061 2279; x_wconf 87' lang='lat' dir='ltr'>nuper</span> <span class='ocrx_word' id='word_1_146' title='bbox 1082 2223 1249 2265; x_wconf 80' lang='grc' dir='ltr'>ΤΗΟΜΕ</span> <span class='ocrx_word' id='word_1_147' title='bbox 1273 2222 1418 2264; x_wconf 69' lang='grc' dir='ltr'>ΘΙΒΒΕ</span> <span class='ocrx_word' id='word_1_148' title='bbox 1440 2238 1493 2264; x_wconf 83' lang='lat' dir='ltr'>ex</span> <span class='ocrx_word' id='word_1_149' title='bbox 1512 2224 1632 2277; x_wconf 80' lang='lat' dir='ltr'>parte</span> <span class='ocrx_word' id='word_1_150' title='bbox 1664 2221 1860 2264; x_wconf 78' lang='lat' dir='ltr'>orientali</span> <span class='ocrx_word' id='word_1_151' title='bbox 1880 2225 1923 2263; x_wconf 90' lang='lat' dir='ltr'>et</span> <span class='ocrx_word' id='word_1_152' title='bbox 1943 2224 2158 2264; x_wconf 80' lang='lat' dir='ltr'>tenemen-</span> 
     </span>
     <span class='ocr_line' id='line_1_21' title="bbox 214 2312 2159 2370; baseline -0.003 -12"><span class='ocrx_word' id='word_1_153' title='bbox 214 2319 308 2359; x_wconf 82' lang='lat' dir='ltr'>tum</span> <span class='ocrx_word' id='word_1_154' title='bbox 321 2315 518 2358; x_wconf 67' lang='lat' dir='ltr'>RicARm</span> <span class='ocrx_word' id='word_1_155' title='bbox 535 2314 744 2357; x_wconf 82' lang='lat' dir='ltr'>HORTON&#39;</span> <span class='ocrx_word' id='word_1_156' title='bbox 759 2330 812 2357; x_wconf 79' lang='lat' dir='ltr'>ex</span> <span class='ocrx_word' id='word_1_157' title='bbox 825 2317 944 2370; x_wconf 86' lang='lat' dir='ltr'>parte</span> <span class='ocrx_word' id='word_1_158' title='bbox 959 2314 1207 2356; x_wconf 81' lang='lat' dir='ltr'>occidentali</span> <span class='ocrx_word' id='word_1_159' title='bbox 1228 2318 1271 2356; x_wconf 88' lang='lat' dir='ltr'>et</span> <span class='ocrx_word' id='word_1_160' title='bbox 1291 2313 1496 2355; x_wconf 77' lang='lat' dir='ltr'>fossatum</span> <span class='ocrx_word' id='word_1_161' title='bbox 1517 2312 1644 2354; x_wconf 84' lang='lat' dir='ltr'>ballie</span> <span class='ocrx_word' id='word_1_162' title='bbox 1665 2312 1789 2354; x_wconf 79' lang='lat' dir='ltr'>castri</span> <span class='ocrx_word' id='word_1_163' title='bbox 1806 2328 1857 2354; x_wconf 83' lang='lat' dir='ltr'>ex</span> <span class='ocrx_word' id='word_1_164' title='bbox 1874 2316 1993 2368; x_wconf 87' lang='lat' dir='ltr'>parte</span> <span class='ocrx_word' id='word_1_165' title='bbox 2010 2312 2159 2355; x_wconf 77' lang='lat' dir='ltr'>boriali</span> 
     </span>
     <span class='ocr_line' id='line_1_22' title="bbox 215 2402 2162 2462; baseline -0.002 -13"><span class='ocrx_word' id='word_1_166' title='bbox 215 2410 258 2449; x_wconf 89' lang='lat' dir='ltr'>et</span> <span class='ocrx_word' id='word_1_167' title='bbox 277 2407 464 2462; x_wconf 83' lang='lat' dir='ltr'>regalem</span> <span class='ocrx_word' id='word_1_168' title='bbox 487 2406 598 2448; x_wconf 84' lang='lat' dir='ltr'>viam</span> <span class='ocrx_word' id='word_1_169' title='bbox 620 2421 673 2447; x_wconf 80' lang='lat' dir='ltr'>ex</span> <span class='ocrx_word' id='word_1_170' title='bbox 692 2408 812 2460; x_wconf 83' lang='lat' dir='ltr'>parte</span> <span class='ocrx_word' id='word_1_171' title='bbox 834 2405 1021 2447; x_wconf 74' lang='lat' dir='ltr'>australi.</span> <span class='ocrx_word' id='word_1_172' title='bbox 1084 2404 1349 2446; x_wconf 84' lang='lat' dir='ltr'>Habendum</span> <span class='ocrx_word' id='word_1_173' title='bbox 1365 2406 1408 2445; x_wconf 86' lang='lat' dir='ltr'>et</span> <span class='ocrx_word' id='word_1_174' title='bbox 1419 2403 1653 2444; x_wconf 86' lang='lat' dir='ltr'>tenendum</span> <span class='ocrx_word' id='word_1_175' title='bbox 1674 2403 1727 2444; x_wconf 90' lang='lat' dir='ltr'>de</span> <span class='ocrx_word' id='word_1_176' title='bbox 1748 2402 1869 2444; x_wconf 89' lang='lat' dir='ltr'>nobis</span> <span class='ocrx_word' id='word_1_177' title='bbox 1883 2406 1925 2444; x_wconf 89' lang='lat' dir='ltr'>et</span> <span class='ocrx_word' id='word_1_178' title='bbox 1938 2402 2162 2445; x_wconf 84' lang='lat' dir='ltr'>heredibus</span> 
     </span>
     <span class='ocr_line' id='line_1_23' title="bbox 213 2492 2162 2553; baseline -0.002 -13"><span class='ocrx_word' id='word_1_179' title='bbox 213 2498 367 2541; x_wconf 86' lang='lat' dir='ltr'>nostris</span> <span class='ocrx_word' id='word_1_180' title='bbox 394 2497 560 2553; x_wconf 77' lang='lat' dir='ltr'>prefato</span> <span class='ocrx_word' id='word_1_181' title='bbox 591 2497 778 2539; x_wconf 63' lang='lat' dir='ltr'>Roomzo</span> <span class='ocrx_word' id='word_1_182' title='bbox 808 2495 1033 2538; x_wconf 82' lang='lat' dir='ltr'>heredibus</span> <span class='ocrx_word' id='word_1_183' title='bbox 1063 2498 1105 2538; x_wconf 92' lang='lat' dir='ltr'>et</span> <span class='ocrx_word' id='word_1_184' title='bbox 1136 2494 1360 2551; x_wconf 81' lang='lat' dir='ltr'>assignatis</span> <span class='ocrx_word' id='word_1_185' title='bbox 1391 2494 1476 2536; x_wconf 89' lang='lat' dir='ltr'>suis</span> <span class='ocrx_word' id='word_1_186' title='bbox 1515 2494 1841 2549; x_wconf 87' lang='lat' dir='ltr'>imperpetuum.</span> <span class='ocrx_word' id='word_1_187' title='bbox 1923 2492 2162 2536; x_wconf 84' lang='lat' dir='ltr'>Reddendo</span> 
     </span>
     <span class='ocr_line' id='line_1_24' title="bbox 214 2583 2162 2639; baseline -0.003 -8"><span class='ocrx_word' id='word_1_188' title='bbox 214 2590 314 2632; x_wconf 90' lang='lat' dir='ltr'>inde</span> <span class='ocrx_word' id='word_1_189' title='bbox 344 2589 465 2631; x_wconf 86' lang='lat' dir='ltr'>nobis</span> <span class='ocrx_word' id='word_1_190' title='bbox 496 2590 538 2630; x_wconf 91' lang='lat' dir='ltr'>et</span> <span class='ocrx_word' id='word_1_191' title='bbox 567 2587 792 2630; x_wconf 81' lang='lat' dir='ltr'>heredibus</span> <span class='ocrx_word' id='word_1_192' title='bbox 822 2587 975 2629; x_wconf 90' lang='lat' dir='ltr'>nostris</span> <span class='ocrx_word' id='word_1_193' title='bbox 1005 2587 1196 2629; x_wconf 88' lang='lat' dir='ltr'>redditus</span> <span class='ocrx_word' id='word_1_194' title='bbox 1229 2585 1403 2628; x_wconf 84' lang='lat' dir='ltr'>servicia</span> <span class='ocrx_word' id='word_1_195' title='bbox 1435 2588 1478 2627; x_wconf 85' lang='lat' dir='ltr'>et</span> <span class='ocrx_word' id='word_1_196' title='bbox 1511 2584 1836 2626; x_wconf 86' lang='lat' dir='ltr'>consuetudines</span> <span class='ocrx_word' id='word_1_197' title='bbox 1862 2598 1938 2639; x_wconf 89' lang='lat' dir='ltr'>pro</span> <span class='ocrx_word' id='word_1_198' title='bbox 1973 2583 2162 2639; x_wconf 87' lang='lat' dir='ltr'>predicto</span> 
     </span>
    </p>
   </div>
   <div class='ocr_carea' id='block_1_12' title="bbox 215 2674 2162 2736">
    <p class='ocr_par' dir='ltr' id='par_1_12' title="bbox 215 2674 2162 2736">
     <span class='ocr_line' id='line_1_25' title="bbox 215 2674 2162 2736; baseline -0.004 -13"><span class='ocrx_word' id='word_1_199' title='bbox 215 2681 424 2736; x_wconf 80' lang='lat' dir='ltr'>burgagio</span> <span class='ocrx_word' id='word_1_200' title='bbox 446 2679 499 2721; x_wconf 87' lang='lat' dir='ltr'>ab</span> <span class='ocrx_word' id='word_1_201' title='bbox 520 2679 696 2734; x_wconf 85' lang='lat' dir='ltr'>antiquo</span> <span class='ocrx_word' id='word_1_202' title='bbox 717 2678 881 2720; x_wconf 84' lang='lat' dir='ltr'>debitas</span> <span class='ocrx_word' id='word_1_203' title='bbox 902 2680 944 2720; x_wconf 92' lang='lat' dir='ltr'>et</span> <span class='ocrx_word' id='word_1_204' title='bbox 964 2679 1016 2720; x_wconf 93' lang='lat' dir='ltr'>de</span> <span class='ocrx_word' id='word_1_205' title='bbox 1031 2677 1129 2733; x_wconf 88' lang='lat' dir='ltr'>jure</span> <span class='ocrx_word' id='word_1_206' title='bbox 1149 2679 1379 2719; x_wconf 81' lang='lat' dir='ltr'>consuetas.</span> <span class='ocrx_word' id='word_1_207' title='bbox 1441 2674 1497 2717; x_wconf 89' lang='lat' dir='ltr'>In</span> <span class='ocrx_word' id='word_1_208' title='bbox 1519 2675 1641 2730; x_wconf 85' lang='lat' dir='ltr'>cujus</span> <span class='ocrx_word' id='word_1_209' title='bbox 1668 2676 1729 2716; x_wconf 88' lang='lat' dir='ltr'>rei</span> <span class='ocrx_word' id='word_1_210' title='bbox 1749 2674 2043 2717; x_wconf 82' lang='lat' dir='ltr'>testimonium</span> <span class='ocrx_word' id='word_1_211' title='bbox 2063 2674 2162 2717; x_wconf 87' lang='lat' dir='ltr'>huic</span> 
     </span>
    </p>
   </div>
   <div class='ocr_carea' id='block_1_13' title="bbox 214 2764 2234 2827">
    <p class='ocr_par' dir='ltr' id='par_1_13' title="bbox 214 2764 2234 2827">
     <span class='ocr_line' id='line_1_26' title="bbox 214 2764 2234 2827; baseline -0.003 -14"><span class='ocrx_word' id='word_1_212' title='bbox 214 2772 400 2827; x_wconf 86' lang='lat' dir='ltr'>presenti</span> <span class='ocrx_word' id='word_1_213' title='bbox 422 2774 534 2813; x_wconf 84' lang='lat' dir='ltr'>carte</span> <span class='ocrx_word' id='word_1_214' title='bbox 554 2773 696 2812; x_wconf 87' lang='lat' dir='ltr'>nostre</span> <span class='ocrx_word' id='word_1_215' title='bbox 723 2769 913 2825; x_wconf 85' lang='lat' dir='ltr'>sigillum</span> <span class='ocrx_word' id='word_1_216' title='bbox 934 2772 1128 2811; x_wconf 90' lang='lat' dir='ltr'>nostrum</span> <span class='ocrx_word' id='word_1_217' title='bbox 1149 2769 1306 2824; x_wconf 84' lang='lat' dir='ltr'>apponi</span> <span class='ocrx_word' id='word_1_218' title='bbox 1326 2766 1515 2809; x_wconf 80' lang='lat' dir='ltr'>fecimus.</span> <span class='ocrx_word' id='word_1_219' title='bbox 1578 2765 1681 2808; x_wconf 88' lang='lat' dir='ltr'>Hiis</span> <span class='ocrx_word' id='word_1_220' title='bbox 1711 2765 1889 2808; x_wconf 81' lang='lat' dir='ltr'>testibus</span> <span class='ocrx_word' id='word_1_221' title='bbox 1912 2799 1920 2807; x_wconf 88' lang='lat'><strong>.</strong></span> <span class='ocrx_word' id='word_1_222' title='bbox 1944 2764 1974 2807; x_wconf 87' lang='lat' dir='ltr'><strong>J</strong></span> <span class='ocrx_word' id='word_1_223' title='bbox 1975 2779 2166 2807; x_wconf 75' lang='lat' dir='ltr'><strong>OHANNE</strong></span> <span class='ocrx_word' id='word_1_224' title='bbox 2230 2798 2234 2802; x_wconf 82' lang='grc'><em>.</em></span> 
     </span>
    </p>
   </div>
   <div class='ocr_carea' id='block_1_14' title="bbox 213 2855 2164 3007">
    <p class='ocr_par' dir='ltr' id='par_1_14' title="bbox 213 2855 2164 3007">
     <span class='ocr_line' id='line_1_27' title="bbox 215 2855 2161 2913; baseline -0.004 -9"><span class='ocrx_word' id='word_1_225' title='bbox 215 2863 354 2905; x_wconf 81' lang='lat' dir='ltr'>SEINT</span> <span class='ocrx_word' id='word_1_226' title='bbox 374 2861 403 2904; x_wconf 86' lang='lat' dir='ltr'><strong>J</strong></span> <span class='ocrx_word' id='word_1_227' title='bbox 406 2860 515 2903; x_wconf 79' lang='lat' dir='ltr'>onN’</span> <span class='ocrx_word' id='word_1_228' title='bbox 540 2860 676 2902; x_wconf 87' lang='lat' dir='ltr'>milite</span> <span class='ocrx_word' id='word_1_229' title='bbox 697 2860 924 2902; x_wconf 79' lang='lat' dir='ltr'>senescallo</span> <span class='ocrx_word' id='word_1_230' title='bbox 942 2859 1103 2902; x_wconf 90' lang='lat' dir='ltr'>ibidem</span> <span class='ocrx_word' id='word_1_231' title='bbox 1127 2893 1135 2901; x_wconf 93' lang='lat'><strong>.</strong></span> <span class='ocrx_word' id='word_1_232' title='bbox 1160 2858 1313 2901; x_wconf 76' lang='lat' dir='ltr'>DAVID</span> <span class='ocrx_word' id='word_1_233' title='bbox 1335 2872 1388 2913; x_wconf 86' lang='lat' dir='ltr'>ap</span> <span class='ocrx_word' id='word_1_234' title='bbox 1405 2856 1608 2899; x_wconf 85' lang='lat' dir='ltr'>HOPKYN</span> <span class='ocrx_word' id='word_1_235' title='bbox 1625 2856 1766 2898; x_wconf 90' lang='lat' dir='ltr'>locum</span> <span class='ocrx_word' id='word_1_236' title='bbox 1783 2859 1953 2898; x_wconf 86' lang='lat' dir='ltr'>tenente</span> <span class='ocrx_word' id='word_1_237' title='bbox 1970 2855 2130 2898; x_wconf 89' lang='lat' dir='ltr'>ibidem</span> <span class='ocrx_word' id='word_1_238' title='bbox 2153 2889 2161 2897; x_wconf 91' lang='lat'><strong>.</strong></span> 
     </span>
     <span class='ocr_line' id='line_1_28' title="bbox 213 2945 2164 3007; baseline -0.004 -12"><span class='ocrx_word' id='word_1_239' title='bbox 213 2953 242 2996; x_wconf 88' lang='lat' dir='ltr'><strong>J</strong></span> <span class='ocrx_word' id='word_1_240' title='bbox 245 2967 433 2996; x_wconf 83' lang='lat' dir='ltr'><strong>OHANNE</strong></span> <span class='ocrx_word' id='word_1_241' title='bbox 475 2952 607 2994; x_wconf 78' lang='lat' dir='ltr'>BUNT</span> <span class='ocrx_word' id='word_1_242' title='bbox 646 2951 858 3007; x_wconf 87' lang='lat' dir='ltr'>preposito</span> <span class='ocrx_word' id='word_1_243' title='bbox 897 2950 1056 2993; x_wconf 88' lang='lat' dir='ltr'>ibidem</span> <span class='ocrx_word' id='word_1_244' title='bbox 1098 2984 1106 2992; x_wconf 92' lang='lat'><strong>.</strong></span> <span class='ocrx_word' id='word_1_245' title='bbox 1150 2949 1317 2991; x_wconf 68' lang='lat' dir='ltr'>&#39;raom</span> <span class='ocrx_word' id='word_1_246' title='bbox 1359 2947 1639 2990; x_wconf 77' lang='lat' dir='ltr'>MALIFAUNT</span> <span class='ocrx_word' id='word_1_247' title='bbox 1672 2980 1680 2987; x_wconf 91' lang='lat'><strong><em>.</em></strong></span> <span class='ocrx_word' id='word_1_248' title='bbox 1713 2946 1743 2988; x_wconf 87' lang='lat' dir='ltr'>J</span> <span class='ocrx_word' id='word_1_249' title='bbox 1746 2960 1934 2988; x_wconf 83' lang='lat' dir='ltr'><strong>OHANNE</strong></span> <span class='ocrx_word' id='word_1_250' title='bbox 1966 2945 2113 2988; x_wconf 78' lang='lat' dir='ltr'>SOPER</span> <span class='ocrx_word' id='word_1_251' title='bbox 2155 2979 2164 2988; x_wconf 83' lang='grc'><strong>.</strong></span> 
     </span>
    </p>
   </div>
   <div class='ocr_carea' id='block_1_15' title="bbox 213 3041 959 3087">
    <p class='ocr_par' dir='ltr' id='par_1_15' title="bbox 213 3041 959 3087">
     <span class='ocr_line' id='line_1_29' title="bbox 213 3041 959 3087; baseline -0.004 -1"><span class='ocrx_word' id='word_1_252' title='bbox 213 3044 243 3087; x_wconf 84' lang='lat' dir='ltr'><strong>J</strong></span> <span class='ocrx_word' id='word_1_253' title='bbox 245 3057 435 3086; x_wconf 82' lang='lat' dir='ltr'><strong>OHANNE</strong></span> <span class='ocrx_word' id='word_1_254' title='bbox 469 3042 590 3084; x_wconf 68' lang='lat' dir='ltr'>PAcY</span> <span class='ocrx_word' id='word_1_255' title='bbox 621 3045 663 3084; x_wconf 90' lang='lat' dir='ltr'>et</span> <span class='ocrx_word' id='word_1_256' title='bbox 682 3041 832 3084; x_wconf 89' lang='lat' dir='ltr'>multis</span> <span class='ocrx_word' id='word_1_257' title='bbox 852 3041 959 3083; x_wconf 80' lang='lat' dir='ltr'>aliis.</span> 
     </span>
    </p>
   </div>
  </div>
 </body>
</html>
