2386 3645
326 269 437 311 1220

265 495 391 524 nemo
421 497 474 524 ex
504 480 637 523 altera
666 482 786 536 parte
816 493 886 521 eas
914 478 1120 535 impediat
1150 512 1157 520 .
1191 493 1268 520 nec
1296 477 1442 520 mittat
1471 491 1647 519 manum
1678 476 1733 519 ad
1761 475 2012 532 piscandum
2042 474 2088 517 in
2118 477 2209 517 tota

269 572 435 614 AVENA
451 571 535 614 nisi
554 586 629 628 per
648 571 754 613 illos.
818 568 1049 612 Piscariam
1069 582 1235 625 quoque
1250 568 1296 610 in
1317 582 1430 623 aqua
1450 565 1692 609 KENEFEG'
1716 566 1774 608 eis
1789 567 1971 608 concedo
1990 600 1998 608 .
2016 565 2078 607 ita
2097 565 2212 621 quod.

268 662 562 705 molendinum
586 676 729 703 meum
750 661 802 702 de
832 658 1072 702 KENEFEG’
1095 673 1148 700 ex
1172 673 1221 700 ea
1262 672 1350 700 non
1379 657 1671 713 impejoretur.
1732 656 1891 699 Totum
1921 656 2053 698 eciam
2082 653 2211 698 wrek’

271 768 396 809 super
415 755 572 795 terram
591 753 779 808 ipsorum
799 751 972 793 veniens
1002 749 1160 792 eisdem
1188 747 1406 791 monachis
1427 748 1610 789 concedo
1634 780 1642 788 .
1665 749 1709 789 et
1738 747 1922 802 precipio
1942 748 2057 802 quod
2086 760 2213 788 nemo

271 859 395 900 super
424 843 533 886 illud
561 842 688 885 Wrek’
719 856 896 884 manum
925 840 1070 882 mittat
1102 872 1111 881 .
1143 838 1226 881 nisi
1256 853 1331 894 per
1364 838 1477 894 ipsos
1506 836 1735 880 monachos
1767 871 1775 879 .
1808 852 1886 879 nec
1916 837 2142 892 quicquam
2172 851 2215 878 se

271 935 372 977 inde
402 933 673 977 intromittat.
735 931 810 974 Set
840 934 883 973 et
910 930 1170 986 burgagium
1202 929 1416 984 quoddam
1446 928 1493 969 in
1513 927 1616 969 villa
1646 928 1698 969 de
1728 926 1971 970 KENEFEG’
1992 927 2039 969 in
2059 926 2215 969 elemo-

269 1024 406 1067 sinam
428 1059 436 1067 .
460 1027 501 1067 et
523 1024 640 1066 aliud
669 1022 928 1079 burgagium
948 1020 993 1062 in
1014 1020 1117 1062 villa
1137 1020 1189 1061 de
1214 1018 1430 1060 KAERDIF
1454 1052 1461 1060 .
1486 1017 1643 1060 scilicet
1673 1016 1927 1060 SIWARDUM
1956 1017 2216 1060 PALMERUM

273 1131 370 1158 cum
400 1117 524 1158 domo
555 1130 630 1157 sua
659 1116 704 1156 et
739 1112 962 1168 curtilagio
995 1145 1003 1153 .
1035 1110 1169 1152 libera
1199 1112 1241 1152 et
1272 1109 1416 1165 quieta
1449 1143 1456 1151 .
1491 1107 1544 1151 ab
1575 1108 1694 1151 omni
1724 1108 1941 1151 exactione
1972 1113 2014 1151 et
2044 1108 2218 1151 servicio

272 1207 460 1250 seculari.
523 1205 705 1248 Centum
736 1218 902 1260 quoque
932 1217 1047 1245 acras
1076 1204 1186 1244 terre
1215 1200 1262 1242 in
1292 1200 1498 1242 MARGAN
1534 1234 1542 1242 .
1574 1200 1620 1242 in
1651 1199 1918 1242 excambium
1947 1202 2057 1242 terre
2087 1215 2216 1256 quam

270 1297 511 1340 habuerunt
541 1311 636 1338 mea
665 1294 925 1338 concessione
956 1308 981 1335 a
1011 1292 1305 1335 BALDEWYNO
1340 1290 1603 1333 Orrnmmno
1634 1325 1642 1333 .
1672 1290 1798 1347 juxta
1818 1290 1992 1333 NovnM
2013 1290 2217 1333 BURGUM

272 1404 401 1445 quam
420 1388 509 1444 ipse
540 1387 848 1429 BALn-Ewmns
878 1384 996 1426 dedit
1026 1383 1224 1439 predictis
1254 1381 1472 1425 monachis
1501 1382 1547 1424 in
1578 1382 1851 1425 elemosinam
1875 1416 1884 1425 .
1908 1397 2003 1425 cum
2032 1382 2217 1438 quodam

270 1479 481 1536 burgagio
503 1513 511 1521 .
534 1478 580 1519 in
600 1477 730 1520 Novo
752 1476 913 1518 BURGO
935 1475 1048 1530 quod
1068 1474 1149 1530 ipsi
1169 1473 1367 1516 monachi
1387 1472 1546 1515 habent
1566 1507 1574 1515 .
1593 1476 1636 1515 et
1655 1476 1805 1515 tenent
1824 1488 1919 1516 mea
1940 1473 2213 1516 concessione.

270 1571 367 1613 Hec
387 1570 529 1613 omnia
549 1569 738 1625 predicta
758 1567 938 1609 concedo
954 1601 962 1608 .
981 1568 1024 1608 et
1043 1565 1250 1622 presentis
1271 1564 1403 1621 sigilli
1423 1564 1509 1607 mei
1529 1564 1805 1607 attestacione
1827 1564 2027 1607 confirmo
2048 1564 2217 1607 abbatie

271 1663 324 1705 de
343 1662 549 1704 MARGAN
570 1660 616 1702 in
637 1659 909 1702 elemosinam
942 1692 950 1699 .
982 1657 1116 1699 libera
1136 1660 1179 1699 et
1199 1656 1345 1712 quieta
1372 1690 1380 1699 .
1411 1655 1464 1699 ab
1485 1656 1601 1699 omni
1622 1656 1795 1699 servicio
1816 1659 1859 1699 et
1879 1656 2182 1699 consuetudine
2205 1691 2213 1700 .

270 1756 313 1796 et
333 1752 550 1795 exactione
572 1750 749 1793 seculari
768 1750 814 1791 in
833 1751 1088 1805 perpetuum
1102 1748 1369 1804 possidenda.
1430 1747 1629 1790 Preterea
1650 1748 1831 1790 concedo
1847 1747 1907 1790 eis
1921 1781 1929 1790 .
1945 1747 2186 1790 libertatem
2205 1780 2214 1790 .

271 1848 313 1887 et
342 1843 626 1900 quietanciam
648 1843 700 1884 de
730 1841 926 1884 theloneo
948 1855 1022 1896 per
1043 1855 1187 1882 omnes
1214 1854 1330 1882 meos
1351 1837 1510 1895 burgos
1531 1840 1583 1881 de
1604 1838 1801 1881 omnibus
1821 1838 1946 1881 rebus
1967 1854 2071 1894 quas
2102 1839 2184 1895 ipsi
2206 1874 2215 1882 .

269 1936 337 1977 vel
366 1934 558 1977 homines
579 1933 652 1989 qui
683 1936 782 1975 sunt
804 1934 859 1975 ad
879 1947 1025 1974 eorum
1051 1934 1355 1988 manupastum
1375 1931 1646 1974 vendiderint
1669 1961 1678 1970 .
1701 1931 1769 1973 vel
1798 1931 1978 1973 emerint
2001 1965 2009 1974 .
2034 1932 2089 1973 ad
2117 1945 2220 1974 usus

267 2026 468 2083 proprios,
530 2024 727 2067 Testibus
750 2058 758 2066 .
782 2023 997 2066 HAWISIA
1028 2023 1239 2066 comitissa
1270 2021 1578 2065 GLOUCESTRIE
1612 2057 1620 2064 .
1653 2021 1784 2064 fratre
1814 2021 1967 2064 HosTo
1988 2023 2040 2064 de
2061 2021 2217 2065 Sancto

270 2117 526 2160 AUDOMERO
569 2149 577 2158 .
615 2115 748 2157 fratre
788 2115 1082 2157 BALDEWYNO
1115 2148 1124 2156 .
1159 2113 1366 2156 HAMONE
1408 2114 1461 2156 de
1500 2112 1725 2157 VALONHS
1768 2147 1776 2154 .
1820 2112 2093 2155 REGINALDO
2131 2113 2221 2156 filio

270 2208 468 2251 SYMONIS
502 2241 510 2250 .
547 2206 760 2249 Rossmwo
795 2206 954 2248 B11301s
989 2240 997 2248 .
1034 2204 1249 2247 Romam)
1284 2206 1337 2247 de
1377 2204 1734 2247 HUMFRAVILLIS
1770 2238 1779 2246 .
1807 2202 2066 2246 WILLELMO
2097 2204 2149 2245 de
2179 2203 2223 2246 la

271 2299 413 2342 MARE
446 2332 456 2341 .
485 2298 696 2342 WYDoNE
728 2298 780 2339 de
813 2297 946 2339 Rom
980 2331 988 2339 .
1022 2296 1179 2339 ODONE
1211 2296 1264 2338 de
1295 2295 1551 2338 TmcHESIA
1583 2329 1592 2338 .
1624 2294 1911 2337 ALEXANDRO
1941 2294 2073 2337 fratre
2103 2309 2178 2337 suo
2211 2324 2221 2334 .

275 2390 505 2434 GILBERTO
538 2389 694 2432 OROKE
726 2422 736 2431 .
767 2388 972 2445 magistro
1008 2387 1246 2431 SAMPSONE
1281 2387 1429 2430 clerico
1463 2420 1471 2429 .
1509 2386 1714 2442 magistro
1748 2385 1941 2428 ERNISIO
1973 2419 1981 2427 .
2020 2384 2224 2428 OSBERTO

275 2481 422 2524 clerico
445 2515 453 2523 .
476 2480 730 2524 VINCENcio
759 2479 964 2521 monacho
997 2480 1049 2521 de
1079 2478 1283 2521 MARGAN
1308 2513 1316 2521 .
1340 2478 1528 2521 Romano
1558 2477 1775 2533 capellano
1806 2477 1971 2519 comitis
2002 2476 2225 2520 Gnoncns-

276 2587 381 2615 TRIE
405 2607 413 2615 .
437 2571 623 2614 SYMONE
646 2570 757 2613 Cooo
780 2603 789 2612 .
812 2571 953 2612 ADAM
974 2570 1236 2626 accipitrario
1261 2604 1269 2612 .
1292 2569 1322 2613 J
1325 2583 1503 2612 ORDANo
1525 2583 1736 2611 converso.
1801 2567 1941 2623 <Circa
1963 2567 2106 2623 1170.)

334 2663 606 2719 Inspeximus
646 2662 779 2704 eciam
819 2663 978 2704 cartam
1018 2664 1061 2703 et
1101 2661 1468 2704 confirmacionem
1508 2659 1672 2702 domini
1713 2658 1938 2701 GILBERTI
1979 2659 2032 2700 de
2072 2658 2225 2701 Omma

279 2755 443 2798 comitis
468 2753 777 2796 GLOUCESTRIE
806 2754 847 2794 et
875 2752 1180 2795 HERrFoRmE
1211 2752 1345 2808 patris
1373 2750 1538 2794 domini
1568 2749 1765 2792 chARm
1797 2750 1849 2792 de
1880 2749 2033 2792 CLARE
2065 2749 2230 2792 comitis

280 2846 588 2890 GLOUCESTRIE
619 2846 662 2886 et
691 2843 995 2885 HERTFORDIE
1025 2858 1154 2899 quam
1185 2842 1286 2885 fecit
1326 2842 1418 2885 Deo
1448 2847 1491 2884 et
1520 2841 1643 2884 beate
1673 2840 1833 2882 MARm
1863 2874 1872 2883 .
1905 2842 1948 2882 et
1977 2840 2145 2883 ecclesie
2174 2841 2228 2884 de

279 2938 485 2981 MARGAN
514 2938 556 2978 et
585 2933 803 2976 monachis
830 2933 989 2976 ibidem
1019 2933 1113 2976 Deo
1135 2932 1415 2976 servientibus
1437 2967 1446 2975 .
1470 2933 1522 2975 de
1543 2931 1740 2975 omnibus
1766 2930 1889 2973 terris
1910 2932 1951 2972 et
1975 2930 2230 2973 tenementis

282 3042 428 3072 eorum
449 3027 495 3069 in
514 3025 592 3068 hcc
612 3025 740 3068 verba
757 3040 827 3067 3-
