2386 3645
251 290 361 332 1352

188 497 471 553 indulgentiis
497 500 540 540 et
568 496 722 540 litteris
761 495 999 553 apostolicis
1028 495 1248 538 contrariis
1277 493 1546 551 generalibus
1575 494 1643 536 vel
1663 492 1912 549 specialibus
1932 507 2132 548 quorum-

187 603 355 644 cunque
386 591 583 631 tenorum
614 588 800 631 existant
833 603 909 644 per
943 602 1025 643 que
1060 586 1326 642 presentibus
1360 601 1446 628 non
1482 599 1677 641 expressa
1707 584 1777 627 vel
1807 583 1998 627 totaliter
2046 598 2134 627 non

189 678 349 721 inserta
378 679 554 722 effectus
583 694 729 722 earum
759 678 957 735 impediri
987 677 1128 721 valeat
1157 675 1474 732 quomodolibet
1502 675 1571 718 vel
1601 674 1764 717 differri
1786 708 1795 717 .
1826 677 1869 717 et
1898 675 1951 717 de
1981 674 2136 731 quibus

188 785 454 826 quorumque
484 770 586 813 totis
614 769 832 813 tenoribus
861 770 913 812 de
941 768 1068 811 verbo
1107 769 1163 810 ad
1194 767 1370 810 verbum
1405 766 1602 809 habenda
1634 765 1689 808 sit
1720 765 1766 808 in
1796 765 1952 809 nostris
1980 766 2134 809 litteris

186 861 351 904 mencio
382 861 573 917 specialis
604 895 612 903 .
645 860 739 904 Nos
759 861 873 903 enim
895 874 1062 902 exnunc
1092 859 1262 901 irritum
1282 857 1547 900 decernimus
1577 858 1620 899 et
1649 856 1776 898 inane
1806 856 1842 899 si
1871 871 1988 900 secus
2009 871 2134 914 super

186 952 270 995 hiis
289 968 316 995 a
336 967 550 1009 quoquam
570 952 719 1008 quavis
739 951 989 994 auctoritate
1010 950 1190 998 scienter
1209 949 1277 991 vel
1296 949 1545 1004 ignoranter
1565 947 1794 1003 contigerit
1814 947 2072 1004 attemptari.

244 1043 411 1086 Datum
431 1042 590 1086 Tibure
610 1057 702 1085 XVI.
725 1040 912 1085 Kalend'
935 1039 1127 1097 Augusti
1149 1074 1157 1082 .
1181 1038 1463 1081 Pontificatus
1482 1038 1617 1081 nostri
1637 1053 1750 1081 anno
1771 1041 1902 1082 sexto.

1165 1130 1208 1172 S.
1241 1129 1323 1172 ΒΜ·
1357 1129 1478 1172 Grat’
1506 1129 1544 1184 (Ρ
1569 1130 1634 1172 Sit
1653 1129 1891 1182 Reyistrata
1911 1129 2072 1186 yram.)

1161 1221 1218 1264 A.
1248 1222 1301 1263 de
1327 1220 1505 1263 PARMA.

243 1314 335 1358 The
355 1315 508 1358 leaden
529 1315 660 1358 Bulla
679 1314 715 1357 is
736 1314 959 1370 appended
977 1313 1038 1369 by
1058 1328 1083 1355 a
1102 1312 1286 1368 hempen
1308 1312 1418 1354 cord.

247 1406 472 1449 Endorsed
504 1406 550 1448 in
580 1421 606 1448 a
640 1409 962 1461 contemporary
991 1404 1178 1446 hand—‘
1196 1403 1264 1446 De
1294 1403 1635 1459 incorporacione
1665 1403 1835 1446 ecclesie
1866 1404 1918 1445 de
1947 1403 2136 1446 Aune—

186 1498 398 1553 quomodo
431 1511 504 1539 11J.
536 1496 733 1540 monachi
753 1499 795 1539 et
816 1510 888 1538 11J.
911 1494 1143 1551 pauperes?
1203 1494 1308 1537 And
1329 1494 1374 1536 in
1395 1494 1504 1536 later
1523 1493 1732 1536 hands—‘
1746 1493 1816 1536 A0·
1841 1494 1867 1535 6
1888 1493 2042 1537 Urban
2063 1494 2138 1538 the

186 1587 262 1630 6th
282 1587 468 1644 relating
486 1590 530 1630 to
551 1587 624 1630 the
645 1589 888 1642 monastery
909 1586 954 1629 of
975 1585 1200 1642 Margam'
1233 1601 1242 1628 z
1272 1589 1282 1608 ⁶
1297 1584 1577 1628 obliterated)
1640 1588 1649 1608 ‘
1667 1584 1858 1628 Ecclesia
1878 1585 1930 1628 de
1950 1584 2108 1629 Aven.'

1106 1810 1211 1854 ML.

190 1920 404 1964 GRANT
456 1920 543 1964 BY
591 1920 761 1964 JOHN
800 1920 886 1963 DE
935 1919 1211 1962 HORTON'
1259 1919 1337 1961 OF
1378 1918 1682 1963 SWANSEA
1723 1918 1799 1962 ΤΟ
1840 1919 1870 1962 J
1875 1919 2012 1961 OHN
2053 1919 2139 1962 DE

331 2011 634 2065 PENREES,
698 2011 866 2054 LORD
939 2011 1017 2053 OF
1089 2009 1366 2062 OXWIOH,
1427 2009 1505 2052 OF
1565 2009 1696 2053 THE
1756 2009 1895 2053 SITE
1957 2010 2035 2053 OF
2094 2011 2138 2054 A

332 2101 637 2145 BURGAGE
688 2101 760 2145 IN
811 2101 941 2145 THE
992 2100 1226 2144 GASTLE
1277 2099 1520 2143 BAILEY
1571 2100 1648 2143 OF
1699 2100 2016 2144 SWANSEA.

856 2208 1087 2266 [MARGAM
1118 2208 1376 2265 CHARTER.]
1441 2209 1466 2250 5
1490 2208 1590 2251 Ocr.
1653 2209 1679 2250 7
1702 2208 1799 2251 Βῐο.
1824 2208 1888 2251 II.
1954 2208 2079 2251 1383.

246 2315 394 2359 Sciant
412 2332 453 2373 p.
477 2319 520 2359 et
540 2317 571 2360 f.
595 2332 635 2372 q.
657 2332 692 2359 e.
715 2317 745 2360 J
747 2331 957 2359 OHANNES
977 2318 1029 2359 de
1050 2316 1261 2359 HORTON'
1284 2317 1336 2358 de
1357 2316 1665 2358 SWEYNESEYA
1686 2317 1726 2359 d.
1751 2331 1783 2358 c.
1809 2319 1852 2358 et
1871 2316 1950 2359 hac
1965 2332 2007 2372 p.
2030 2332 2062 2359 c.
2081 2331 2139 2359 m.

193 2409 439 2453 confirmavi
458 2408 488 2451 J
490 2422 667 2451 OHANNI
688 2409 741 2451 de
763 2408 972 2451 PENREEs
993 2408 1165 2451 domino
1187 2409 1238 2450 de
1261 2407 1557 2450 OXENWYCHE
1587 2407 1815 2450 heredibus
1843 2410 1887 2450 et
1916 2407 2143 2464 assignatis

193 2500 280 2543 suis
309 2500 624 2555 imperpetuum
652 2501 788 2542 totam
811 2499 931 2542 illam
955 2499 1143 2555 placeam
1168 2498 1370 2555 bur-gagii
1402 2513 1499 2541 cum
1528 2498 1802 2554 pertinenciis
1832 2514 1914 2555 que
1936 2498 2069 2542 habui
2089 2514 2142 2542 ex

196 2592 308 2634 dono
329 2593 372 2633 et
393 2590 670 2633 feoffamento
683 2590 846 2632 domini
862 2590 892 2633 J
895 2604 1094 2632 OHANNIS
1107 2591 1159 2632 de
1179 2590 1222 2632 la
1242 2590 1403 2633 BEERE
1418 2590 1569 2632 militis
1584 2589 1797 2646 jacentem
1813 2590 1859 2632 in
1873 2589 2004 2633 ballia
2019 2590 2145 2633 castri

195 2684 248 2725 de
269 2681 577 2724 SWEYNESEYA
597 2681 710 2724 inter
725 2681 952 2737 grangiam
967 2696 1104 2737 nuper
1119 2681 1148 2724 J
1151 2695 1361 2723 oHANNEs
1381 2680 1605 2723 PHELIPP’
1624 2713 1633 2722 .
1652 2696 1705 2722 ex
1721 2683 1842 2736 parte
1857 2681 2109 2724 occidentali
2132 2715 2140 2724 .

195 2777 238 2816 et
267 2775 559 2816 tenementum
591 2773 803 2815 ROBERTO
835 2773 1016 2814 mes
1046 2788 1099 2814 ex
1127 2775 1248 2828 parte
1278 2772 1475 2814 orientali
1498 2806 1506 2814 .
1540 2771 1808 2814 Habendum
1838 2774 1882 2814 et
1911 2773 2146 2816 tenendum

193 2864 428 2921 predictam
448 2864 637 2920 placeam
657 2863 858 2920 burgagii
879 2879 975 2906 cum
1005 2864 1090 2906 suis
1119 2863 1391 2919 pertinenciis
1420 2863 1609 2919 predicto
1639 2862 1669 2906 J
1671 2877 1849 2905 OHANNI
1880 2863 1933 2905 de
1963 2862 2148 2906 PENRES

193 2954 419 2998 heredibus
439 2956 482 2996 et
503 2953 729 3011 assignatis
749 2954 835 2997 suis
854 2955 1154 3010 inperpetuum
1174 2955 1226 2996 de
1247 2953 1499 3010 capitalibus
1514 2953 1698 2996 dominis
1718 2953 1834 2996 feodi
1855 2954 1907 2996 de
1928 2953 2094 2997 Swmm
2102 2968 2144 2996 E-

195 3060 303 3088 SEYA
343 3060 418 3101 per
450 3045 643 3088 redditus
674 3048 717 3089 et
749 3045 923 3089 servicia
954 3046 1055 3088 inde
1087 3045 1230 3089 debita
1266 3047 1308 3088 et
1347 3046 1399 3087 de
1430 3044 1527 3101 jure
1563 3048 1763 3087 consueta
1795 3079 1803 3087 .
1837 3043 1898 3087 Et
1932 3059 2011 3102 ego
2046 3060 2146 3089 vero
