2386 3645
1964 291 2073 333 1421

121 484 432 528 constabulario
468 485 594 528 castri
633 484 794 529 ibidem
826 489 869 529 et
900 488 1112 543 preposito
1143 487 1271 546 burgi
1301 490 1435 534 nostri
1464 492 1642 547 predicti
1674 493 1752 537 sub
1781 510 1917 551 poena
1946 497 2067 540 foris-

125 576 290 619 facture
341 577 572 620 earundem
621 576 1015 621 merchandizarum
1055 582 1097 621 et
1138 580 1190 623 de
1230 580 1426 625 omnibus
1464 582 1769 627 merchandizis
1806 601 1880 642 per
1918 590 2075 630 terram

124 666 395 710 venientibus
430 668 579 710 eodem
611 668 738 710 modo
773 668 849 711 fiat
884 669 1189 713 demonstratio
1224 704 1232 713 .
1268 674 1311 714 et
1346 673 1460 727 quod
1491 673 1544 715 de
1577 673 1772 717 omnibus
1806 675 1930 719 rebus
1961 677 2074 720 infra

121 757 365 801 libertatem
386 758 488 801 ville
509 761 651 802 nostre
670 759 859 815 predicte
879 759 1005 803 factis
1037 761 1248 817 predictos
1275 761 1508 819 burgenses
1540 766 1783 807 tenementa
1816 780 1889 809 seu
1921 768 2072 810 catalla

122 864 270 892 eorum
288 848 568 906 tangentibus
587 850 703 892 unde
722 848 944 906 inquisitio
965 850 1059 907 capi
1087 851 1239 895 debeat
1270 854 1385 909 quod
1409 853 1484 896 illa
1511 853 1731 911 inquisitio
1763 856 1818 898 sit
1851 858 2076 901 terminata

122 954 199 997 per
217 940 469 983 intrinsecos
488 943 532 983 et
551 955 639 983 non
658 955 735 996 per
754 940 871 984 alios.

181 1029 472 1074 Concessimus
493 1031 623 1074 etiam
642 1031 844 1088 predictis
863 1031 1148 1089 burgensibus
1179 1035 1334 1077 nostris
1370 1038 1413 1078 et
1441 1050 1588 1079 eorum
1621 1036 1924 1081 successoribus
1961 1040 2074 1094 quod

121 1121 310 1165 habeant
330 1137 476 1165 omnes
495 1121 714 1165 libertates
734 1126 777 1166 et
797 1122 951 1166 liberas
981 1125 1309 1169 consuetudines
1337 1141 1442 1182 quas
1475 1126 1630 1170 habere
1663 1127 1854 1170 solebant
1887 1131 2075 1185 tempore

127 1216 438 1257 antecessorum
467 1215 660 1256 nostrum
695 1216 737 1256 et
770 1229 874 1270 quas
900 1214 1131 1272 burgenses
1165 1216 1300 1260 nostri
1334 1218 1387 1260 de
1419 1216 1665 1260 KARDIFFE
1701 1218 1859 1262 habent
1895 1235 1947 1262 ex
1980 1235 2075 1263 con—

119 1305 302 1348 cessione
343 1307 387 1347 et
419 1304 739 1348 confirmatione
772 1309 929 1348 nostra.
992 1306 1064 1349 Ita
1099 1309 1213 1363 quod
1248 1309 1392 1352 omnia
1432 1309 1588 1364 placita
1624 1312 1666 1352 et
1701 1311 1867 1365 querele
1899 1313 1989 1353 tam
2024 1312 2077 1354 de

121 1396 303 1449 hutesio,
326 1397 520 1449 clamore,
543 1397 753 1454 sanguine
773 1397 883 1450 fuso,
907 1413 1037 1454 quam
1058 1400 1110 1442 de
1135 1400 1553 1457 transgressionibus,
1584 1400 1751 1454 debitis,
1786 1402 2075 1444 conventioni-

121 1487 214 1540 bus,
237 1490 280 1531 et
300 1487 394 1530 aliis
415 1487 701 1531 contractibus
721 1488 911 1542 diversis,
933 1491 1123 1534 decetero
1144 1491 1401 1547 placitentur
1421 1494 1464 1534 et
1484 1492 1768 1534 terminentur
1787 1492 1833 1534 in
1853 1492 2076 1536 hundreda

119 1580 221 1623 ville
260 1583 402 1622 nostre
442 1579 629 1636 predicte
669 1580 857 1637 exceptis
896 1581 1064 1637 placitis
1109 1596 1272 1634 corone,
1323 1582 1525 1635 fforestal,
1567 1586 1609 1625 et
1654 1582 1946 1635 homesochen‚
1993 1599 2075 1639 que

119 1671 314 1728 placitari
334 1670 491 1714 debent
512 1685 653 1714 coram
672 1671 917 1715 vicecomite
938 1675 1081 1716 nostro
1102 1673 1149 1716 in
1170 1673 1285 1716 curia
1306 1674 1358 1716 de
1379 1673 1549 1717 NEETH
1570 1676 1613 1716 et
1641 1674 1818 1729 placitas
1854 1677 1964 1717 terre
1999 1690 2076 1731 per

119 1762 244 1806 breve
270 1762 317 1805 in
348 1761 553 1805 comitatu
582 1765 726 1806 nostro
759 1763 812 1806 de
833 1762 1080 1806 KARmrFE
1105 1763 1151 1806 in
1183 1767 1448 1820 perpetuum.
1510 1763 1716 1807 Volentes
1742 1764 1871 1807 etiam
1900 1768 1943 1808 et
1974 1780 2070 1808 con-

118 1855 313 1898 cedentes
333 1854 448 1910 quod
481 1853 782 1896 constabularii
814 1855 948 1898 nostri
979 1856 1031 1898 de
1056 1854 1226 1898 ΝΕΕΤΗ
1258 1855 1332 1912 qui
1367 1870 1443 1911 pro
1475 1859 1664 1911 tempore
1698 1855 1860 1898 fuerint
1896 1859 2070 1899 teneant

119 1946 299 1988 eandem
320 1944 591 1987 hundredam
611 1948 801 1987 nostram
822 1945 875 1988 de
896 1960 1041 1988 mense
1060 1945 1106 1988 in
1127 1960 1316 1988 mensem
1336 1948 1377 1988 et
1402 1946 1558 2001 placita
1588 1948 1736 1988 vocata
1760 1948 1780 1974 -‘
1794 1945 2045 2002 piepoudres
2060 1946 2070 1965 '

119 2037 172 2079 de
193 2036 262 2079 die
281 2036 328 2078 in
349 2035 463 2078 diem
484 2036 657 2091 quando
677 2050 843 2079 necesse
862 2037 1006 2079 fuerit.

175 2127 269 2171 Nos
298 2129 443 2170 autem
473 2141 619 2170 omnes
650 2127 900 2170 donationes
935 2130 978 2170 et
1018 2127 1303 2171 concessiones
1342 2127 1604 2184 supradictas
1633 2130 1748 2170 ratas
1786 2127 1989 2171 habentes
2025 2130 2067 2171 et

116 2222 260 2276 gratas
300 2233 369 2261 eas
407 2233 485 2275 pro
524 2217 646 2261 nobis
681 2221 725 2260 et
764 2217 990 2262 heredibus
1033 2219 1188 2262 nostris
1236 2218 1436 2275 predictis
1490 2217 1772 2274 burgensibus
1825 2221 1868 2261 et
1922 2233 2067 2261 eorum

116 2308 420 2354 successoribus
470 2309 738 2352 concedimus
788 2309 1087 2352 confirmamus
1136 2312 1179 2352 et
1227 2309 1486 2352 ratificamus
1536 2312 1579 2352 et
1617 2312 1763 2352 tenore
1802 2308 2061 2364 presentium

114 2401 368 2444 innovamus
406 2399 596 2443 volentes
627 2403 670 2442 et
703 2401 977 2443 concedentes
1011 2415 1088 2456 pro
1123 2400 1245 2443 nobis
1277 2403 1320 2443 et
1351 2399 1577 2443 heredibus
1611 2399 1766 2442 nostris
1798 2399 1912 2455 quod
1949 2408 2063 2442 carta

113 2492 304 2549 predicta
351 2491 397 2534 in
447 2490 644 2533 omnibus
693 2493 736 2533 et
785 2490 966 2547 singulis
1016 2491 1206 2534 articulis
1255 2490 1342 2534 suis
1390 2490 1436 2532 in
1484 2494 1738 2546 perpetuum
1790 2489 1966 2531 firmiter
2019 2491 2061 2532 et

112 2582 418 2626 inviolabiliter
446 2580 702 2624 observetur.
763 2580 821 2624 In
855 2581 979 2637 cujus
1009 2583 1070 2624 rei
1102 2581 1396 2625 testimonium
1426 2580 1525 2623 huic
1556 2579 1742 2636 presenti
1774 2582 1887 2622 carte
1921 2582 2061 2622 nostre

113 2673 305 2731 sigillum
338 2671 585 2715 cancellarie
619 2674 761 2714 nostre
797 2673 850 2715 de
885 2671 1140 2715 KARDYFFE
1176 2672 1378 2715 duximus
1409 2672 1722 2728 apponendum.

171 2763 337 2806 Datum
356 2763 472 2819 apud
492 2760 746 2804 KARDYPFE
768 2776 868 2805 v111.
892 2763 961 2806 die
981 2762 1239 2806 Novembris
1259 2778 1371 2806 anno
1391 2762 1515 2819 regni
1536 2762 1670 2818 Regis
1689 2760 1915 2803 EDWARDI
1936 2760 2056 2803 tercii

113 2858 208 2911 post
227 2856 504 2909 conquestum
524 2852 735 2895 tricesimo
764 2853 907 2896 tercio.
969 2853 1072 2896 Hiis
1106 2853 1285 2897 testibus
1322 2888 1331 2896 .
1366 2851 1677 2896 venerabilibus
1711 2851 1813 2894 viris
1844 2850 2058 2893 HEcho

113 2944 266 2988 abbate
315 2944 369 2986 de
417 2942 622 2985 MARGAN
669 2977 678 2985 .
732 2942 901 2986 Tuom
950 2943 1103 2987 abbate
1153 2945 1207 2986 de
1255 2943 1424 2987 NEETH
1475 2976 1485 2986 .
1536 2942 1709 2985 domino
1746 2940 1777 2984 J
1778 2953 1964 2983 OHANNE
2004 2941 2057 2983 de

113 3035 355 3078 CovENTRE
408 3033 702 3076 archidiacono
752 3032 975 3076 LANDAFF
1029 3068 1038 3076 .
1102 3034 1275 3077 domino
1329 3034 1533 3077 RchRDo
1588 3033 1641 3075 de
1693 3030 1988 3074 TURBERVILL
2044 3063 2054 3074 .
