2386 3645
323 281 434 322 1572

258 488 437 544 predicti
457 488 627 543 penitus
646 487 847 544 ignorant
877 521 886 529 .
919 486 979 529 Et
999 486 1147 528 dicunt
1174 486 1304 528 iidem
1324 486 1459 542 jurati
1481 487 1595 541 quod
1616 486 1764 528 eadem
1786 488 1921 528 castra
1941 490 1984 528 et
2013 487 2203 529 maneria

262 579 404 621 valent
444 594 519 634 per
558 594 720 620 annum
760 579 805 620 in
846 578 1042 620 omnibus
1082 577 1265 620 exitibus
1306 577 1419 619 ultra
1449 578 1629 633 reprisas
1803 591 1877 618 xx.
1911 591 2072 619 marcas
2104 611 2112 620 .
2145 577 2206 620 Et

262 669 411 711 dicunt
450 671 564 725 quod
604 670 717 711 dicta
753 669 971 711 [SABELLA
1006 683 1143 723 nuper
1174 667 1384 710 comitissa
1420 667 1523 710 obiit
1558 668 1604 709 in
1638 668 1748 710 festo
1788 667 1934 710 Sancti
1968 667 2203 710 STEPHAM

263 760 465 815 martyris
485 760 638 803 ultimo
653 760 854 816 preterito
887 793 896 802 .
928 758 989 801 Et
1010 759 1123 814 quod
1144 758 1386 800 HEchns
1406 774 1521 800 nune
1538 773 1674 800 comes
1695 757 1989 801 WARREWIK'
2012 761 2075 800 est
2094 759 2207 801 filius

262 854 305 892 et
339 850 459 893 heres
495 850 589 907 ejus
624 850 901 906 propinquior
934 854 975 891 et
1010 849 1096 891 fuit
1128 863 1241 891 xxn.
1264 849 1332 890 die
1367 849 1516 891 Martii
1547 849 1698 891 ultimo
1729 850 1928 904 preterito
1963 852 2088 892 etatis
2127 864 2200 892 xv,

259 956 469 983 annorum
493 975 501 983 .
525 940 586 983 Et
606 941 754 983 dicunt
775 941 889 996 quod
910 940 1023 982 dicta
1043 939 1267 981 ISABELLA
1297 954 1433 994 nuper
1453 939 1665 982 eomitissa
1684 955 1770 981 non
1790 940 1931 982 tenuit
1952 941 2095 995 aliqua
2122 941 2206 982 alia

255 1046 392 1086 neque
413 1032 537 1087 plura
562 1035 697 1074 terras
718 1047 791 1074 seu
815 1034 1061 1073 tenementa
1081 1031 1134 1072 de
1156 1030 1329 1072 domino
1352 1030 1471 1086 Rege
1492 1045 1569 1072 nec
1589 1031 1642 1072 de
1662 1031 1804 1085 aliquo
1826 1032 1909 1073 alio
1929 1032 1975 1072 in
1997 1031 2201 1074 comitatu

258 1125 301 1164 et
321 1122 543 1164 MARCHIA
565 1122 766 1178 predictis
787 1122 855 1164 die
876 1136 959 1177 quo
980 1121 1096 1163 obiit.
1160 1120 1216 1162 In
1238 1120 1360 1176 cujus
1380 1121 1441 1163 rei
1457 1121 1748 1163 testimonium
1765 1121 1900 1178 jurati
1915 1122 2094 1178 predicti
2106 1122 2206 1164 huic

256 1213 525 1269 inquisitioni
546 1214 689 1270 sigilla
709 1229 785 1256 sua
805 1213 1050 1255 alternatim
1071 1214 1372 1268 apposuerunt.

314 1304 480 1346 Datum
502 1305 570 1347 die
591 1319 704 1347 anno
725 1308 767 1346 et
788 1304 878 1346 loco
899 1303 1152 1359 supradicto.

1121 1802 1337 1845 MGLIX.

251 1909 698 1958 AGQUITTANOE
750 1909 836 1952 BY
887 1909 1193 1962 WILLIAM,
1235 1910 1444 1953 ABBOT
1486 1911 1564 1953 OF
1615 1910 2074 1964 TEWKESBURY,
2126 1911 2202 1954 TO

395 2000 672 2043 MARGAM
723 2000 952 2053 ABBEY,
1004 2000 1128 2043 FOR
1175 2001 1220 2043 A
1269 2001 1450 2044 FARM
1496 2001 1666 2045 RENT
1712 2002 1846 2044 DUE
1899 2002 2022 2045 FOR
2073 2002 2203 2045 THE

396 2091 737 2135 CHURGHES
779 2091 857 2134 OF
901 2091 1210 2134 KENEFEK
1250 2092 1386 2135 AND
1427 2092 1826 2136 NEWOASTLE.

973 2199 1207 2256 [MARGAM
1239 2198 1498 2256 CHARTER]

1315 2293 1370 2333 23
1402 2291 1566 2333 APRIL.
1631 2293 1683 2333 19
1715 2291 1841 2333 ΗΕΝ.
1874 2291 1956 2335 VI.
2020 2293 2144 2335 1441.

307 2398 521 2441 Noverint
542 2398 729 2440 universi
750 2413 824 2453 per
845 2402 1057 2454 presentes
1089 2414 1164 2442 nos
1195 2399 1495 2443 WILLELMUM
1526 2399 1799 2455 permissione
1830 2399 1976 2441 divina
2005 2399 2203 2442 abbatem

247 2489 495 2532 monasterii
527 2488 649 2531 beate
670 2489 831 2530 MARIE
853 2490 905 2531 de
927 2489 1234 2532 TEUKESBURY
1254 2490 1470 2546 recepisse,
1493 2493 1586 2542 eto„
1609 2491 1661 2532 de
1679 2490 1889 2547 religiosis
1919 2490 2021 2532 viris
2050 2490 2203 2534 abbate

249 2583 292 2623 et
313 2582 524 2622 conventu
545 2580 598 2621 de
620 2579 823 2622 MARGAN
846 2581 1046 2623 undecim
1066 2581 1195 2624 libros
1223 2584 1266 2623 et
1286 2582 1431 2623 decem
1461 2581 1628 2632 solidos,
1650 2583 1743 2633 eto„
1765 2581 1818 2623 de
1839 2582 2021 2624 termino
2043 2581 2203 2625 Pasohe

248 2670 401 2713 ultimo
421 2670 623 2726 preterito
642 2675 737 2726 post
758 2672 909 2714 datum
928 2672 1206 2728 presencium.
1268 2671 1335 2714 De
1357 2671 1523 2727 quibus,
1545 2674 1623 2714 etc.

306 2760 471 2803 Datum
492 2762 607 2816 apud
628 2760 949 2815 TEUKESBURY,
971 2763 1168 2805 vicesimo
1184 2762 1310 2805 tertio
1332 2762 1400 2804 die
1416 2761 1573 2804 mensis
1592 2761 1770 2818 Aprilis,
1793 2777 1905 2804 anno
1924 2764 2047 2819 regni
2069 2763 2203 2820 Regis

249 2851 456 2893 HENRICI
478 2852 588 2893 sexti
607 2855 702 2907 post
722 2856 1001 2908 conquestum
1021 2854 1183 2896 decimo
1204 2868 1329 2896 nono.

306 2941 404 2985 Seal
423 2943 469 2984 in
491 2957 621 2998 green
642 2958 750 2995 waX,
774 2959 819 2985 as
841 2944 1058 2987 described
1078 2945 1124 2986 in
1147 2945 1231 2988 No.
1255 2959 1418 2986 MCLXV.

306 3032 603 3075 Endorsed—‘
621 3033 696 3076 An
716 3034 958 3090 acquittans
978 3035 1023 3078 of
1054 3036 1189 3078 farme
1211 3036 1256 3079 of
1284 3051 1340 3091 ye
1362 3035 1557 3078 Churche
1579 3034 1624 3077 of
1654 3034 1883 3077 Kenefek.’
