2386 3645
1943 234 2054 312 1563

166 471 218 512 de
239 469 388 512 SULLY
408 485 505 512 cum
524 470 792 526 pertinentiis
812 470 859 511 in
879 471 1028 513 eadem
1044 471 1279 524 MARCH1A‚
1294 472 1532 515 dominium
1545 478 1587 515 et
1603 476 1840 518 manerium
1854 478 1905 519 de
1918 477 2112 520 NEUTON

164 560 378 603 NOTAscH
398 576 495 603 cum
513 561 783 617 pertinentiis
802 561 849 602 in
869 562 1018 603 eadem
1046 562 1281 614 MARcfflA,
1305 563 1543 605 dominium
1563 565 1616 606 de
1639 564 1992 610 GRIFFITHMORE
2015 583 2111 611 cum

165 652 434 708 pertinentiis
454 652 500 694 in
531 653 679 694 eadem
707 651 943 703 MARcmA,
969 656 1011 694 et
1040 653 1243 695 ducentas
1264 668 1380 695 acras
1403 656 1514 696 terre
1543 656 1766 711 sexaginta
1793 672 1907 700 acras
1935 659 2046 713 prati
2072 662 2115 701 et

165 743 451 799 quadraginta
471 758 587 792 acras
605 747 777 798 pasture
799 742 912 785 inter
930 742 1119 800 burgum
1139 745 1192 785 de
1213 743 1429 786 KAERDIF
1460 748 1503 787 et
1529 761 1685 801 aquam
1711 745 1912 789 SABRINE
1934 749 2115 792 inclusas

165 849 219 876 ex
252 842 373 889 parte
413 833 665 876 occidentali
705 848 802 875 cum
836 833 927 876 rivo
968 835 1020 876 de
1062 833 1217 876 Toum
1248 850 1301 877 ex
1339 842 1460 890 parte
1494 836 1690 878 orientali
1724 852 1820 879 cum
1849 839 2035 881 dominio
2064 840 2116 882 de

163 923 306 967 SPLOT
340 925 386 967 in
410 926 559 967 eadem
599 924 820 966 MARCHIA
860 924 1041 980 predicti
1068 925 1247 967 dominii
1272 927 1324 967 de
1357 926 1678 969 GLANMORGAN
1710 943 1807 970 cum
1834 930 2115 984 pertinentiis,

161 1016 400 1058 manerium
420 1016 473 1057 de
495 1015 660 1057 RATHE
680 1030 777 1057 cum
797 1015 1066 1071 pertinentiis
1099 1017 1338 1059 manerium
1370 1018 1422 1059 de
1451 1016 1682 1060 LEKWITH
1715 1033 1813 1060 cum
1844 1020 2113 1074 pertinentiis

162 1106 320 1162 placita
363 1110 406 1148 et
455 1106 688 1162 perquisita
737 1106 962 1149 comitatus
1016 1108 1069 1149 de
1119 1106 1445 1150 GLAMMORGAN
1485 1124 1582 1151 cum
1622 1110 1891 1164 pertinentiis
1931 1116 2115 1153 castrum

162 1198 402 1240 manerium
423 1201 465 1239 et
485 1197 632 1239 villam
652 1198 704 1239 de
725 1196 990 1239 KENEFEGH
1021 1213 1117 1240 cum
1148 1199 1417 1253 pertinentiis
1449 1200 1632 1255 patriam
1668 1201 1720 1241 de
1755 1200 1985 1243 T1R1ALTH
2021 1217 2117 1244 cum

163 1288 447 1344 pertinentiis,
481 1291 666 1330 castrum
700 1291 742 1331 et
769 1288 919 1331 vinam
947 1290 1000 1331 de
1035 1288 1172 1331 NETH
1208 1304 1305 1331 cum
1341 1291 1609 1345 pertinentiis
1639 1292 1879 1333 manerium
1912 1293 1964 1334 de
1990 1292 2129 1335 NETH

166 1395 263 1422 cum
304 1380 513 1422 hamletta
552 1380 605 1422 de
645 1379 996 1422 KILTHEBEBILL
1047 1384 1090 1422 et
1139 1380 1354 1422 BRETTON
1406 1384 1446 1423 et
1488 1382 1671 1437 patriam
1722 1383 1774 1424 de
1824 1382 1962 1425 NETH
2023 1398 2119 1425 cum

163 1471 432 1528 pertinentiis
453 1472 506 1514 de
527 1486 612 1527 qua
632 1471 806 1527 quidem
826 1472 965 1526 patria
985 1473 1038 1513 de
1069 1471 1207 1515 NETH
1241 1472 1447 1514 FORESTA
1473 1474 1524 1514 de
1555 1473 1600 1516 N
1604 1488 1694 1515 ETH
1715 1474 1819 1515 alias
1840 1475 1953 1516 dicta
1975 1474 2113 1517 NETH

162 1562 337 1605 FOREST
358 1578 406 1605 ac
426 1565 560 1606 eciam
580 1563 826 1605 molendina
846 1563 1043 1619 aquatica
1063 1567 1106 1605 et
1126 1564 1304 1619 piscaria
1325 1565 1377 1606 de
1399 1564 1444 1607 N
1448 1579 1538 1607 ETH
1558 1568 1659 1607 sunt
1678 1566 1858 1620 parcelle
1874 1566 2055 1620 patriam
2069 1569 2111 1608 et

166 1654 313 1697 villam
335 1655 387 1696 de
408 1653 763 1696 LANTRUSSANTT
780 1668 874 1696 cum
895 1654 1032 1709 patria
1055 1655 1107 1696 de
1127 1654 1461 1697 GLINROTHENY
1475 1670 1571 1697 cum
1592 1656 1862 1711 pertinentiis
1882 1657 2120 1698 manerium

164 1746 218 1787 de
248 1744 433 1787 OLOUNE
465 1759 562 1787 cum
592 1745 731 1800 patria
762 1746 815 1786 de
845 1744 1043 1787 MESKEN
1073 1760 1169 1787 cum
1199 1746 1467 1801 pertinentiis
1502 1746 1763 1789 hamlettum
1791 1748 1843 1789 de
1879 1747 2119 1789 PENTIRCH

161 1851 257 1879 cum
272 1836 542 1893 pertinentiis
562 1835 801 1878 manerium
814 1836 867 1878 de
884 1836 1052 1878 RADUR
1068 1851 1165 1878 011111
1180 1837 1451 1891 pertinentiis
1472 1837 1712 1880 manerium
1732 1839 1784 1879 de
1807 1837 2118 1880 COSTYNESTON

163 1942 260 1969 cum
279 1927 550 1982 pertinentiis
570 1927 653 1968 tria
673 1927 894 1982 mesuagia
916 1930 1087 1969 centum
1109 1942 1224 1968 acras
1245 1930 1354 1969 terre
1376 1928 1662 1983 quadraginta
1683 1943 1798 1970 acras
1818 1928 1931 1983 prati
1963 1928 2118 1984 viginti

161 2033 277 2060 acras
308 2017 422 2060 bosci
453 2022 496 2060 et
516 2017 675 2073 viginti
696 2033 812 2060 acras
832 2021 1004 2074 pasture
1037 2033 1134 2060 cum
1163 2018 1432 2073 pertinentiis
1465 2019 1510 2060 in
1542 2018 1794 2060 LUNDYNES
1827 2034 1908 2074 que
1942 2019 2118 2062 fuerunt

165 2108 376 2151 HOWELY
405 2110 457 2150 de
480 2108 673 2150 Reum
708 2123 844 2151 unum
874 2109 1142 2165 mesuagium
1168 2109 1324 2164 viginti
1357 2124 1473 2152 acras
1506 2113 1615 2151 terre
1645 2111 1790 2152 decem
1815 2125 1931 2152 acras
1951 2111 2114 2166 pasturi

161 2215 226 2243 vs.
250 2215 366 2242 acras
386 2199 501 2242 bosci
521 2214 617 2242 cum
638 2200 908 2255 pertinentiis
930 2215 1011 2255 que
1032 2199 1209 2242 fuerunt
1229 2200 1386 2242 DAVID
1407 2216 1461 2256 ap
1484 2200 1710 2242 GRcNoGH
1738 2202 1854 2257 apud
1885 2200 2114 2243 LANNEDU

162 2291 210 2333 in
243 2289 417 2333 SENGH'
450 2290 533 2332 tria
562 2291 781 2346 mesuagia
808 2305 905 2332 cum
932 2273 1201 2346 pertinentiis
1224 2291 1270 2332 in
1292 2290 1507 2333 KAERDIF
1539 2305 1620 2346 que
1650 2291 1829 2334 fuerunt
1855 2291 2051 2333 RICARDI
2074 2292 2114 2334 le

158 2381 354 2425 BARBUR
386 2397 522 2424 unum
554 2385 848 2424 tenementum
869 2386 910 2424 et
933 2383 1017 2423 duo
1037 2381 1255 2438 mesuagia
1277 2397 1373 2424 cum
1394 2382 1663 2437 pertinentiis
1692 2382 1738 2423 in
1771 2381 1996 2424 KAERDYF
2030 2397 2112 2437 que

159 2473 338 2516 fuerunt
370 2472 567 2515 RicARm
599 2473 639 2514 10
674 2472 797 2515 ΚΕΝ’
836 2473 919 2515 tria
947 2473 1168 2528 mesuagia
1189 2476 1231 2514 et
1262 2474 1407 2515 decem
1439 2488 1555 2515 acras
1585 2476 1694 2515 terre
1721 2488 1816 2515 cum
1844 2473 2113 2528 pertinentiis

159 2565 206 2608 in
226 2564 442 2608 KAERDIF
464 2579 545 2620 que
565 2564 744 2606 fuerunt
765 2563 970 2606 HENRICI
991 2565 1031 2606 le
1053 2564 1237 2606 PORTER
1257 2564 1340 2606 tria
1362 2564 1579 2620 mesuagia
1599 2568 1641 2606 et
1662 2579 1798 2606 unum
1819 2567 2111 2606 tenementum

158 2671 256 2699 cum
285 2655 555 2712 pertinentiis
584 2655 630 2696 in
657 2654 875 2697 Kfflnmp
905 2670 986 2711 que
1011 2655 1190 2697 fuerunt
1221 2655 1424 2697 Romam
1452 2655 1492 2697 10
1525 2654 1801 2697 CARPENTER
1831 2669 1966 2696 unum
1993 2659 2108 2696 tene-

156 2751 352 2791 mentum
381 2748 464 2790 tria
494 2747 714 2803 mesuagia
733 2748 1021 2804 quadraginta
1041 2762 1157 2790 acras
1181 2750 1290 2789 terre
1321 2750 1364 2788 et
1395 2747 1552 2803 viginti
1584 2761 1701 2789 acras
1728 2747 1841 2802 prati
1870 2749 1912 2788 et
1937 2749 2108 2788 centum

160 2839 360 2882 solidatas
398 2837 592 2880 redditus
624 2852 722 2879 cum
756 2837 1026 2892 pertinentiis
1057 2837 1104 2879 in
1141 2837 1458 2879 SENGHENYTH
1493 2852 1575 2892 que
1609 2837 1786 2878 fuerunt
1821 2835 2023 2878 LEULINI
2055 2851 2108 2891 ap

163 2930 395 2974 GRIFFITH
419 2930 466 2971 in
496 2929 686 2985 predicta
710 2928 935 2970 MARcmA
966 2928 1162 2972 WALLIE
1195 2929 1406 2970 sexdecim
1438 2928 1638 2970 solidatas
1666 2928 1858 2969 redditus
1878 2927 2004 2969 assise
2035 2941 2111 2982 per

158 3036 321 3064 annum
342 3035 438 3062 cum
459 3019 730 3076 pertinentiis
750 3019 796 3061 in
819 3018 1016 3061 AUNGLE
1048 3019 1287 3061 manerium
1317 3019 1368 3060 de
1400 3017 1549 3061 STOKE
1581 3033 1677 3060 cum
1705 3017 1889 3060 CHACEA
1914 3018 1968 3059 de
1996 3016 2109 3059 CORS
