2386 3645
283 277 393 318 1236

961 515 1426 560 DOOCCLXXVHI.

219 623 388 666 JOHN
441 623 525 665 DE
585 622 1025 675 EGLESOLIFFE,
1081 624 1310 666 BISHOP
1371 624 1449 666 OF
1509 623 1865 676 LLANDAFF,
1926 622 2164 665 ADMITS

340 713 492 772 „THE
544 713 729 756 TITLE
771 714 849 756 OF
889 714 1166 757 MARGAM
1211 714 1440 768 ABBEY,
1484 715 1558 757 ΤΟ
1602 714 1831 758 TITHES
1874 714 1951 756 OF
2000 713 2167 756 OORN

361 804 496 847 AND
538 804 680 848 HAY
719 804 792 848 IN
833 804 1216 856 ROSSOULYN,
1261 806 1364 848 Ero.

801 911 974 968 [HARL.
1009 912 1240 964 CHARTER‚
1274 914 1327 954 75
1360 914 1415 955 A.
1448 913 1540 970 28.]
1722 914 1774 954 13
1808 912 1907 955 Ocr.
1982 914 2107 955 1339.

273 1019 498 1062 Universis
529 1020 682 1062 Sancte
714 1020 868 1062 Matris
898 1020 1067 1061 ecclesie
1099 1020 1197 1061 filiis
1228 1021 1282 1061 ad
1313 1036 1417 1075 quos
1447 1023 1659 1076 presentes
1688 1021 1829 1062 littere
1861 1020 2131 1075 pervenerint
2153 1052 2163 1062 .

213 1109 347 1151 hater
377 1109 406 1152 J
409 1124 618 1152 OHANNES
642 1110 914 1165 permissione
935 1110 1082 1151 divina
1107 1110 1324 1165 episcopus
1351 1109 1670 1152 LANDAVENSIS
1700 1111 1880 1152 salutem
1902 1143 1910 1152 .
1934 1110 1980 1151 in
2005 1109 2071 1152 Eo
2093 1109 2172 1165 qui.

212 1203 276 1242 est
297 1201 489 1243 omnium
510 1216 608 1243 vera
630 1201 754 1242 salus.

271 1290 381 1334 Cum
430 1307 506 1333 nos
547 1292 756 1334 actualem
806 1291 1097 1333 visitacionem
1138 1294 1326 1334 nostram
1366 1292 1411 1334 in
1452 1293 1621 1347 dyocesi
1662 1296 1806 1335 nostra
1847 1296 2111 1334 excercentes
2153 1325 2165 1334 .

209 1382 429 1438 religiosos
470 1382 581 1424 viros
619 1415 627 1423 .
666 1416 673 1424 .
711 1381 907 1424 abbatem
943 1385 985 1423 et
1017 1386 1274 1424 conventum
1309 1384 1361 1424 de
1395 1382 1599 1424 MARGAN
1634 1382 1965 1424 OrerRCIENsis
2002 1382 2163 1425 ordinis

210 1478 352 1515 nostre
384 1473 574 1528 dyocesis
597 1507 604 1514 .
629 1488 773 1515 omnes
804 1472 987 1514 decimas
1018 1473 1248 1527 garbarum
1279 1477 1320 1515 et
1351 1473 1441 1515 feni
1465 1507 1472 1514 .
1496 1474 1540 1515 in
1572 1473 1695 1515 terris
1716 1473 1801 1515 suis
1822 1474 1874 1514 de
1902 1473 2165 1516 Rossotmm

212 1565 265 1606 de
287 1564 516 1606 PENNUTH
533 1564 744 1620 superiore
762 1567 804 1605 et
819 1563 1019 1605 inferiore
1036 1597 1044 1605 .
1061 1579 1226 1605 necnon
1243 1567 1285 1606 et
1299 1565 1350 1605 de
1372 1563 1698 1606 PORTHAUOTH’
1718 1565 1873 1607 virtute
1896 1565 2165 1620 quarundem

208 1655 449 1697 litterarum
499 1655 823 1711 apostolicarum
870 1688 878 1697 .
925 1655 1027 1710 ipsis
1075 1687 1083 1696 .
1131 1658 1172 1696 et
1218 1669 1363 1696 eorum
1411 1655 1552 1696 ordini
1586 1655 1852 1697 indultarum
1894 1670 1937 1697 se
1977 1655 2170 1711 optinere

211 1747 510 1802 pretendentes
534 1779 542 1787 .
566 1747 620 1788 ad
652 1746 960 1787 ostendendum
991 1748 1034 1786 et
1064 1745 1353 1787 exhibendum
1380 1779 1387 1786 .
1412 1746 1447 1787 si
1477 1747 1590 1801 quod
1621 1761 1695 1801 per
1725 1761 1767 1788 se
1799 1746 2003 1788 haberent
2034 1761 2162 1802 quare

210 1837 460 1893 hujusmodi
482 1838 664 1879 decimas
696 1837 946 1879 detinebant
976 1840 1121 1878 contra
1141 1836 1239 1892 jura
1263 1871 1270 1878 .
1295 1837 1349 1878 ad
1371 1840 1504 1879 certos
1525 1837 1638 1879 diem
1661 1840 1701 1879 et
1722 1838 1862 1879 locum
1882 1837 2170 1894 peremptorie*

210 1927 435 1970 fecerimus
466 1928 629 1970 evocari
659 1963 666 1970 .
692 1929 765 1984 qui
785 1943 860 1983 per
881 1928 1059 1969 fratrem
1090 1927 1331 1969 HUGONEM
1362 1927 1587 1969 EvERAm)
1603 1927 1860 1970 monachum
1881 1929 1992 1970 dicte
2014 1929 2173 1970 domus

212 2022 526 2075 procuratorem
557 2020 811 2061 sufficienter
842 2019 1120 2060 constitutum
1145 2052 1152 2060 .
1177 2019 1231 2060 ad
1262 2019 1396 2060 dictos
1426 2019 1540 2060 diem
1571 2022 1612 2060 et
1643 2019 1781 2061 locum
1803 2021 2130 2074 comparuerunt
2154 2051 2163 2060 .

213 2110 326 2152 dicto
355 2113 620 2165 procuratore
650 2111 858 2165 predictas
878 2110 1042 2151 litteras
1073 2110 1320 2165 apostolicas
1341 2111 1452 2165 ipsos
1473 2125 1497 2151 a
1518 2110 1780 2165 prestacione
1815 2125 2166 2165 quarumcunque

215 2201 475 2243 decimarum
507 2203 558 2243 de
581 2202 702 2243 terris
723 2202 848 2243 cultis
869 2204 910 2243 et
930 2201 1102 2242 incultis
1123 2201 1176 2242 ad
1199 2216 1345 2242 eorum
1366 2201 1558 2243 ordinem
1579 2201 1867 2256 spectantibus
1888 2201 2122 2243 eximentes
2156 2234 2164 2242 .

213 2293 406 2347 quamvis
437 2292 530 2334 aliis
550 2293 662 2347 ipsas
689 2292 944 2334 tradiderint
964 2293 1009 2333 in
1042 2294 1257 2347 posterum
1280 2293 1530 2334 excolendas
1551 2292 1603 2333 de
1633 2291 1788 2347 quibus
1808 2292 1961 2347 aliquis
1981 2291 2171 2333 decimas-

214 2399 288 2425 seu
309 2384 521 2438 primicias
542 2399 628 2425 non
649 2384 837 2439 percepit
859 2417 866 2424 .
891 2383 1103 2425 occasione
1133 2382 1344 2424 dictarum
1365 2383 1625 2424 decimarum
1648 2416 1656 2423 .
1679 2382 1851 2425 nomine
1879 2382 2166 2437 predictorum

213 2474 509 2529 religiosorum
526 2474 711 2516 virorum
734 2475 785 2516 de
807 2473 1012 2516 MARGAN
1034 2474 1281 2515 ostendente
1304 2476 1346 2515 et
1367 2473 1594 2516 exhibente
1627 2507 1635 2515 .
1669 2473 1972 2528 Instanterque
1992 2476 2168 2528 petente

213 2563 385 2605 nomine
414 2565 683 2606 dominorum
708 2580 880 2606 suorum
910 2564 1195 2620 predictorum
1224 2567 1272 2605 ut
1303 2567 1400 2619 pote
1429 2564 1682 2606 sufficienter
1714 2567 1755 2606 et
1785 2564 1997 2619 legittime
2022 2563 2163 2605 muni-

213 2657 354 2696 torum
378 2688 386 2696 .
410 2654 463 2696 ab
485 2657 679 2698 examine
709 2659 852 2697 nostro
885 2671 926 2696 se
955 2655 1115 2697 dimitti
1143 2670 1218 2710 per
1243 2656 1470 2696 decretum.
1533 2655 1625 2697 Nos
1654 2670 1751 2696 vero
1780 2669 1905 2709 super
1926 2654 2103 2696 ostensis
2123 2657 2165 2695 et

214 2745 415 2788 exhibitis
436 2747 624 2789 volentes
646 2748 811 2802 plenius
832 2747 1063 2789 deliberare
1085 2747 1139 2788 ad
1160 2746 1403 2787 faciendum
1425 2761 1550 2801 super
1571 2746 1729 2788 eisdem
1752 2780 1760 2787 .
1776 2745 1942 2801 prefato
1964 2759 2160 2800 procura-

213 2836 297 2877 tori
329 2838 499 2879 nomine
530 2839 798 2880 dominorum
829 2852 1000 2880 suorum
1029 2837 1340 2878 antedictorum
1371 2841 1503 2879 certos
1535 2837 1647 2879 diem
1669 2840 1711 2879 et
1732 2837 1872 2878 locum
1900 2835 2159 2891 prefiximus.

214 2925 381 2972 Quibus
402 2929 469 2970 die
491 2932 533 2971 et
552 2930 641 2971 loco
663 2929 827 2985 prefato
850 2930 1115 2984 procuratore
1137 2930 1186 2969 ut
1206 2928 1324 2982 prius
1345 2931 1613 2984 comparente
1632 2962 1640 2970 .
1656 2928 1838 2983 visisque
1858 2927 2013 2969 litteris
2044 2940 2164 2981 apos-

213 3017 350 3059 tolicis
377 3021 620 3062 memoratis
643 3055 650 3063 .
676 3024 718 3063 et
737 3020 926 3076 plenarie
956 3019 1153 3062 discussis
1175 3052 1183 3061 .
1207 3019 1508 3074 premissisque
1543 3019 1638 3062 aliis
1669 3035 1750 3074 que
1770 3017 2095 3074 requirebantur
2121 3016 2169 3058 in
