2386 3645
1880 287 1988 328 1291

998 697 1163 740 MXII.

108 811 154 852 A
223 806 512 851 VARIANT
581 805 758 848 FORM
827 805 906 848 OF
975 805 1107 848 THE
1176 804 1542 848 PREOEDING
1611 805 1910 849 CHARTER
1977 806 2052 850 ΤΟ

807 888 1087 931 MARGAM
1129 887 1358 930 ABBEY.

823 995 1056 1053 [MARGAM
1088 994 1344 1051 CHARTER.]

1156 1088 1210 1128 20
1243 1085 1408 1128 APRIL.
1472 1087 1527 1128 27
1557 1086 1684 1129 Enw.
1717 1086 1809 1129 ΙΠ.
1875 1088 1997 1130 1353.

167 1182 429 1224 EDWARDUS
449 1180 534 1222 Dei
555 1179 694 1236 gratia
716 1179 813 1221 Rex
832 1178 1018 1221 ANGLOE
1041 1183 1082 1220 et
1103 1177 1310 1220 Famem
1331 1180 1371 1219 et
1393 1178 1590 1220 dominus
1606 1177 1846 1220 HIBERNIE
1864 1178 2059 1221 omnibus

114 1274 168 1317 ad
187 1288 291 1329 quos
311 1272 433 1314 litere
453 1274 670 1327 presentes
689 1270 961 1326 pervenerint
982 1270 1175 1312 salutem.

169 1363 322 1408 Sciatis
343 1364 457 1419 quod
478 1377 575 1405 cum
595 1377 731 1418 nuper
751 1362 798 1404 in
819 1361 935 1403 curia
955 1363 1101 1403 nostra
1121 1375 1261 1402 coram
1282 1359 1529 1415 justiciariis
1549 1359 1705 1401 nostris
1728 1360 1780 1401 de
1801 1359 1956 1401 BANco
1983 1363 2060 1402 etc.

120 1456 187 1514 [as
205 1456 252 1498 in
272 1455 346 1498 the
365 1454 598 1510 preceding
629 1452 816 1509 charter]
846 1485 1166 1495 ..........
1189 1452 1304 1507 quod
1332 1451 1469 1506 ipsam
1499 1450 1659 1492 dictam
1689 1450 1904 1492 ecclesiam
1933 1455 2061 1506 prout

119 1547 391 1604 appropriata
420 1546 553 1588 fuerit
582 1545 628 1587 in
658 1545 851 1600 proprios
880 1559 982 1586 usus
1005 1542 1191 1585 habeant
1217 1545 1260 1584 et
1281 1543 1457 1584 teneant
1477 1540 1557 1583 sibi
1588 1544 1630 1583 et
1655 1540 1955 1583 successoribus
1982 1541 2068 1583 suis

116 1640 168 1682 de
188 1638 310 1681 nobis
329 1641 373 1680 et
392 1636 620 1680 heredibus
639 1636 795 1678 nostris
822 1651 897 1691 per
925 1635 1099 1677 servicia
1133 1635 1233 1676 inde
1267 1633 1412 1675 debita
1444 1636 1485 1674 et
1520 1635 1721 1674 consueta
1749 1632 2065 1688 imperpetuum

114 1730 204 1773 sine
238 1729 453 1771 occasione
487 1728 556 1770 vel
595 1727 902 1783 impedimento
932 1725 1067 1768 nostri
1105 1725 1174 1767 vel
1208 1724 1414 1766 heredum
1446 1727 1686 1765 nostrorum
1732 1722 2063 1778 justiciariorum

116 1824 374 1865 escae‘torum
414 1820 712 1862 vicecomitum
751 1822 827 1860 aut
867 1818 1050 1860 aliorum
1089 1816 1345 1859 ballivorum
1380 1830 1453 1857 seu
1492 1814 1785 1856 ministrorum
1825 1817 2067 1856 nostrorum

117 1926 480 1969 quorumcunque,
501 1910 835 1966 transgressione
857 1913 899 1951 et
929 1908 1200 1951 forisfactura
1232 1907 1431 1963 predictis
1467 1909 1542 1948 aut
1569 1905 1729 1962 judicio
1764 1920 1841 1961 pro
1868 1905 1989 1948 nobis
2020 1905 2068 1947 in

116 2003 196 2046 hac
216 2006 336 2059 parte
356 2002 524 2045 reddito
552 2017 627 2044 seu
655 2004 816 2043 statuto
849 2001 901 2043 de
931 1999 1056 2042 terris
1087 2002 1130 2041 et
1155 1998 1411 2040 tenementis
1444 1998 1498 2039 ad
1526 2011 1703 2039 manum
1738 1999 1950 2038 mortuam
1982 2010 2070 2038 non

117 2095 325 2152 ponendis
345 2095 473 2146 edito,
494 2108 582 2136 non
615 2093 893 2136 obstantibus.
955 2091 1012 2133 In
1045 2090 1168 2146 cujus
1200 2090 1261 2132 rei
1293 2088 1585 2131 testimonium
1619 2088 1696 2130 has
1730 2087 1874 2129 literas
1905 2092 2069 2129 nostras

117 2187 209 2230 fieri
244 2186 423 2228 fecimus
462 2188 670 2242 patentes.
745 2183 870 2226 Teste
904 2198 971 2225 me
1002 2183 1093 2238 ipso
1130 2181 1244 2237 apud
1266 2179 1731 2224 WEsTMONAsTERIUM
1770 2177 1967 2220 vicesimo
1997 2177 2066 2219 die

119 2277 285 2333 Aprilis
305 2292 418 2319 anno
437 2276 562 2333 regni
589 2276 724 2318 nostri
755 2275 942 2317 Amne
977 2273 1174 2315 vicesimo
1209 2271 1389 2327 septimo
1416 2269 1540 2325 regni
1571 2284 1668 2312 vero
1696 2269 1830 2312 nostri
1865 2268 2070 2311 Famem

121 2368 449 2424 quartodecimo.
512 2366 597 2409 Per
617 2367 759 2422 ipsum
781 2365 948 2420 Regem
968 2363 1200 2406 nunciante
1222 2361 1434 2404 GUIDONE
1456 2362 1508 2402 de
1530 2360 1698 2403 BmAN.

183 2457 313 2501 Sixth
335 2460 458 2515 great
478 2458 579 2510 seal,
599 2456 837 2513 imperfect,
860 2471 927 2498 see
948 2454 1093 2506 Birch‚
1117 2454 1250 2496 catal.
1273 2455 1321 2494 of
1336 2453 1462 2504 Θεαῖε,
1484 2451 1567 2494 No.
1594 2452 1689 2493 186.

178 2549 474 2592 Endorsed-‘
485 2549 614 2592 Carta
626 2548 792 2591 abbatis
808 2549 860 2590 de
876 2546 1062 2602 Morgan
1076 2546 1128 2587 de
1143 2542 1456 2600 Langenethe.'
1505 2546 1514 2565 ‘
1530 2543 1585 2584 20
1601 2542 1688 2598 Ap.
1705 2543 1762 2585 27
1778 2541 1966 2584 Edward
1981 2540 2066 2583 111.'

122 2639 480 2697 ‘Langennoyd.'
542 2639 599 2682 In
619 2655 645 2682 a
664 2640 773 2682 later
800 2639 988 2681 hand—‘
1006 2637 1146 2680 Grant
1176 2635 1287 2678 from
1317 2633 1442 2690 King
1471 2633 1660 2675 Edward
1689 2636 1734 2675 to
1763 2632 1836 2675 the
1868 2631 1997 2675 abbot
2026 2629 2072 2674 of

122 2731 324 2788 Margam
353 2731 399 2774 of
428 2731 503 2774 the
529 2732 755 2773 advowson
791 2730 837 2772 of
869 2730 943 2772 the
979 2727 1135 2770 church
1171 2727 1216 2769 of
1247 2724 1506 2781 Langeneth
1536 2725 1583 2766 in
1618 2724 1778 2777 Wales,
1814 2722 1953 2766 which
1987 2737 2073 2765 was

122 2822 324 2866 forfeited
344 2822 404 2878 by
425 2822 517 2865 him
537 2826 581 2865 to
601 2822 675 2865 the
696 2837 811 2864 same
831 2820 970 2877 King,
992 2819 1098 2862 with
1119 2819 1282 2875 pardon
1302 2817 1370 2859 for
1390 2831 1504 2859 same
1525 2816 1771 2860 forfaiture?
