2386 3645
297 306 408 348 1454

1102 544 1321 589 MXOIV.

352 653 568 697 ROYAL
618 653 1002 696 GOMMISSION
1053 653 1176 696 FOR
1226 652 1356 695 THE
1407 652 1653 696 SPEEDY
1704 652 1947 695 RESOUE
1999 653 2077 696 OF

927 744 1203 788 CARDIFF
1253 745 1497 788 CASTLE.

793 850 935 908 [ΒΜ.
973 850 1152 893 SLOANE
1185 850 1280 893 MS.
1312 852 1440 904 4597,
1472 851 1503 894 f.
1537 850 1630 908 98.]

1415 960 1471 1000 26
1494 959 1594 1002 ch.
1657 960 1682 1001 5
1704 959 1829 1001 ΗΕΝ.
1854 958 1935 1002 IV.
2001 958 2125 1000 1403.

294 1067 391 1111 Rex
411 1067 576 1110 dilectis
597 1069 638 1110 et
660 1066 870 1109 ffidelibus
891 1067 977 1108 suis
997 1066 1232 1109 EDWARDO
1253 1067 1398 1109 comiti
1419 1067 1633 1109 DEvoNIE
1654 1067 1889 1109 EDWARDO
1912 1066 2186 1109 OOURTENAY

232 1159 272 1201 le
311 1159 380 1201 filz
410 1159 635 1201 PHILIPPO
671 1157 946 1200 COURTENAY
976 1173 1024 1200 ac
1059 1157 1231 1200 domino
1271 1159 1324 1199 de
1365 1158 1582 1200 SEYMOUR
1610 1158 1802 1200 Hueom
1832 1157 2106 1200 OOURTENAY
2143 1161 2186 1200 et

234 1249 444 1293 JOHANNI
478 1249 748 1292 GRENEVILL
780 1250 972 1291 salutem.

293 1340 407 1388 Quia
428 1342 577 1383 datum
598 1342 661 1383 est
681 1339 802 1382 nobis
823 1339 1010 1396 intelligi
1030 1340 1146 1395 quod
1166 1339 1341 1395 quidam
1360 1340 1537 1382 rebelles
1553 1341 1686 1382 nostri
1704 1340 1987 1384 WALLENSES
2002 1343 2187 1382 castrum

235 1434 287 1475 de
328 1432 523 1474 KERDYF
565 1433 618 1474 de
647 1431 844 1475 WALLIA
881 1434 922 1473 et
957 1431 1117 1473 ffideles
1152 1431 1286 1487 ligeos
1320 1433 1484 1473 nostros
1525 1431 1570 1473 in
1612 1431 1760 1473 eodem
1793 1435 1927 1473 castro
1961 1431 2188 1474 existentes

233 1524 356 1566 intan
378 1556 559 1566 ......
583 1522 838 1565 obsederunt
860 1556 868 1565 .
893 1524 1007 1578 quod
1028 1522 1063 1565 si
1083 1538 1294 1565 rescussus
1319 1523 1365 1564 in
1385 1523 1464 1564 hac
1484 1526 1604 1578 parte
1627 1522 1750 1564 citius
1771 1538 1857 1565 non
1883 1523 1958 1565 fiat
1979 1523 2024 1564 in
2053 1522 2188 1565 nostri

234 1615 480 1657 scandalum
521 1629 568 1657 ac
609 1614 734 1656 castri
783 1617 825 1656 et
875 1614 1086 1670 ligeorum
1135 1616 1377 1656 nostrorum
1426 1614 1713 1670 predictorum
1764 1614 2095 1656 destructionem
2145 1615 2188 1656 et

235 1706 518 1761 perditionem
572 1706 686 1761 quod
740 1705 949 1747 nollemus
990 1705 1218 1747 verisimile
1258 1708 1320 1747 est
1372 1706 1716 1748 convertendum.
1791 1704 1884 1747 Nos
1938 1704 2189 1761 hujusmodi

233 1797 430 1839 scandalo
452 1797 737 1839 destructione
757 1799 801 1838 et
821 1797 1058 1852 perditione
1080 1812 1177 1838 cum
1200 1796 1282 1838 Dei
1303 1796 1518 1852 adjutorio
1539 1811 1760 1852 precavere
1782 1811 1829 1838 ac
1850 1811 1925 1851 pro
1948 1795 2187 1838 salvatione

233 1888 357 1931 castri
378 1891 421 1930 et
439 1889 650 1943 ligeorum
670 1891 913 1930 nostrorum
933 1887 1181 1944 hujusmodi
1203 1888 1421 1943 providere
1443 1888 1634 1930 volentes
1656 1922 1664 1930 .
1689 1887 2000 1943 assignavimus
2030 1901 2103 1929 vos
2133 1886 2188 1928 ad

231 1994 305 2022 vos
325 1994 468 2022 versus
490 1982 673 2022 castrum
698 1979 937 2035 predictum
968 1995 1043 2035 per
1073 1994 1189 2021 mare
1217 1979 1518 2021 divertendum
1545 1981 1588 2020 et
1616 1993 1852 2020 rescussum
1881 1978 1926 2020 in
1957 1978 2037 2020 hac
2068 1979 2188 2033 parte

233 2071 423 2114 celeriter
455 2070 700 2113 faciendum
731 2086 778 2113 ac
808 2071 863 2112 ad
893 2073 958 2113 tot
986 2070 1179 2113 homines
1207 2071 1261 2112 ad
1292 2085 1410 2112 arma
1436 2072 1479 2112 et
1507 2070 1749 2126 sagittarios
1780 2070 1894 2126 quod
1916 2069 2034 2112 vobis
2062 2069 2189 2125 juxta

231 2162 527 2204 discretionem
548 2166 732 2204 vestram
762 2162 807 2204 in
837 2161 917 2204 hac
937 2165 1058 2218 parte
1086 2162 1178 2205 fore
1198 2162 1414 2204 videbitur
1435 2160 1690 2204 necessarios
1711 2164 1802 2203 tam
1822 2160 1938 2203 infra
1967 2159 2188 2203 libertates

235 2268 363 2308 quam
403 2257 523 2295 extra
562 2254 793 2295 levandum
825 2256 868 2296 et
900 2254 1250 2310 congregandum
1283 2256 1325 2296 et
1360 2254 1475 2309 quod
1510 2252 1616 2295 bene
1652 2255 1694 2294 et
1729 2252 1984 2294 sufficienter
2018 2251 2192 2293 arraiati

234 2344 419 2386 existant
465 2344 824 2399 supervidendum
854 2347 897 2387 et
929 2345 1150 2387 triandum
1183 2359 1230 2386 ac
1261 2344 1308 2386 in
1339 2344 1595 2386 arraiatione
1628 2343 1877 2398 hujusmodi
1909 2343 1955 2384 in
1992 2342 2191 2384 comitiva

233 2437 373 2478 vestra
405 2450 549 2477 versus
574 2438 757 2476 castrum
787 2436 1026 2491 predictum
1051 2436 1106 2478 ad
1133 2451 1368 2478 rescussum
1401 2435 1640 2490 predictum
1672 2435 1918 2477 faciendum
1953 2435 2000 2476 in
2038 2434 2192 2477 fforma

234 2526 424 2582 predicta
445 2527 699 2569 ducendum.
762 2526 833 2568 Ita
855 2527 967 2582 quod
994 2527 1180 2582 prompti
1211 2527 1297 2568 sint
1329 2529 1372 2568 et
1404 2526 1543 2582 parati
1571 2527 1686 2581 apud
1712 2528 1884 2582 portum
1912 2528 2107 2568 nostrum
2137 2526 2191 2567 de

235 2616 438 2659 UPHILL'
474 2617 520 2659 in
562 2617 764 2659 comitatu
806 2617 1041 2659 SOMERSET
1080 2633 1205 2673 super
1239 2618 1483 2673 passagium
1516 2632 1641 2659 suum
1675 2632 1763 2659 una
1797 2616 2013 2659 vobiscum
2046 2631 2190 2659 versus

239 2712 423 2750 castrum
443 2708 681 2763 predictum
701 2708 748 2750 in
762 2709 945 2751 crastino
1007 2708 1213 2751 Omnium
1229 2711 1471 2751 sanctorum
1486 2708 1678 2763 proxime
1696 2708 1843 2750 futuro
1861 2708 1916 2749 ad
1931 2708 2135 2749 ultimum
2151 2710 2194 2749 et

238 2800 293 2841 ad
314 2815 459 2842 omnes
477 2799 573 2842 illos
593 2814 698 2855 quos
717 2800 763 2842 in
784 2799 863 2842 hac
883 2803 1002 2856 parte
1024 2800 1331 2842 contrariantes
1352 2814 1425 2841 seu
1445 2798 1622 2841 rebelles
1648 2799 1898 2841 inveneritis
1918 2799 2192 2840 arestandum

240 2894 282 2932 et
303 2890 555 2945 capiendum
579 2897 621 2933 et
651 2891 833 2946 prisonae
864 2894 1019 2933 nostrae
1049 2891 1396 2946 mancipandum.
1460 2890 1521 2932 Et
1557 2890 1652 2932 ideo
1685 2889 1804 2932 vobis
1824 2890 2092 2942 mandamus,
2114 2892 2192 2931 eto.

237 2980 402 3023 Damus
434 2984 590 3034 autem,
625 2985 702 3024 etc.
764 2981 820 3024 In
842 2982 978 3038 cujus,
1010 2985 1086 3025 etc.
1150 2982 1276 3025 Teste
1308 2982 1430 3038 Rege
1465 2983 1581 3037 apud
1616 2981 1927 3023 BRISTOLLIAM
1960 2995 2088 3023 xxv-J.
2122 2979 2191 3022 die

241 3070 445 3115 Octobris.
509 3072 592 3115 Per
612 3072 752 3129 ipsum
774 3073 954 3130 Regem.
