2386 3645
276 264 386 307 1222

212 474 402 528 petuum.
464 469 664 512 Preterea
694 467 748 508 de
780 463 976 508 omnibus
1007 462 1102 506 aliis
1141 461 1394 505 tenementis
1426 474 1507 516 que
1547 458 1703 515 prefati
1737 457 1934 500 monachi
1964 458 2113 500 tenent
2144 488 2154 498 .

213 566 354 604 totum
380 560 636 603 forinsecum
660 557 883 600 servicium
911 555 1025 611 quod
1056 554 1111 595 ad
1142 568 1209 595 me
1239 552 1307 594 vel
1332 552 1387 593 ad
1414 550 1588 592 heredes
1611 563 1725 591 meos
1745 548 1929 604 pertinet
1955 582 1963 590 .
1991 547 2077 590 sive
2103 546 2158 589 sit

216 652 439 696 servicium
465 651 649 693 militare
672 682 680 690 .
704 648 791 690 sive
816 645 1027 688 venatoris
1049 679 1057 686 .
1081 643 1149 686 vel
1175 642 1350 685 alterius
1378 639 1608 697 cujuslibet
1637 639 1858 682 servientis
1881 671 1890 680 .
1911 638 1998 680 sive
2025 637 2157 680 eciam

214 743 392 799 coqujne
415 774 425 783 .
455 756 528 783 seu
558 740 838 796 quodcunque
865 736 983 778 aliud
1007 734 1260 778 forinsecum
1291 731 1514 775 servicium
1541 731 1597 772 ad
1628 745 1705 771 nos
1733 729 1950 784 pertinens
1977 761 1985 769 .
2017 730 2157 770 totum

212 835 323 877 illud
358 831 580 875 servicium
607 830 766 872 eisdem
800 825 1017 869 monachis
1049 824 1148 866 dedi
1181 823 1227 865 in
1262 824 1511 878 perpetuam
1546 820 1818 862 elemosinam
1851 852 1860 860 .
1890 821 1932 860 et
1966 817 2159 873 quietum

213 923 394 967 clamavi
431 924 573 978 preter
610 919 822 976 prefatam
861 916 1084 958 dimidiam
1124 928 1309 956 marcam
1358 912 1410 954 de
1450 911 1684 953 LANGEWY
1726 942 1735 950 .
1773 909 1834 951 Et
1872 910 2007 950 totam
2047 922 2157 950 com-

211 1028 389 1057 munam
423 1015 593 1069 pasture
638 1010 684 1052 in
724 1011 814 1051 toto
854 1021 1038 1049 maresco
1078 1019 1171 1047 meo
1212 1004 1267 1045 ad
1307 1001 1566 1045 occidentem
1616 1001 1668 1042 de
1717 999 1933 1042 KAERDIF
1985 1033 1994 1040 .
2045 998 2159 1041 ‘mter

213 1104 360 1148 THAF’
392 1107 435 1146 et
461 1102 588 1144 ELEY
625 1098 807 1143 concessi
841 1132 848 1140 .
888 1101 930 1139 et
963 1096 1062 1138 dedi
1093 1095 1252 1137 eisdem
1283 1079 1502 1135 monachis
1536 1092 1582 1133 in
1612 1095 1862 1147 perpetuam
1886 1089 2158 1132 elemosinam

213 1195 430 1238 reddendo
461 1193 561 1236 inde
593 1190 722 1234 michi
755 1187 980 1231 annuatim
1004 1190 1047 1229 et
1081 1184 1307 1228 heredibus
1335 1183 1440 1225 meis
1469 1197 1546 1238 pro
1578 1181 1760 1238 singulis
1791 1179 1998 1236 capitibus
2025 1179 2158 1222 averi-

211 1300 334 1330 orum
362 1298 533 1327 suorum
567 1284 777 1337 quantum
807 1278 1039 1334 burgenses
1070 1277 1122 1319 de
1157 1273 1386 1318 KAERDIF'
1420 1274 1596 1316 reddere
1636 1271 1828 1315 solebant
1866 1286 1942 1327 pro
1977 1270 2159 1327 singulis

210 1375 420 1432 capitibus
446 1372 684 1416 averiorum
711 1370 757 1412 in
784 1368 973 1425 predicto
1000 1381 1184 1410 maresco
1205 1364 1472 1422 paseencium
1499 1366 1689 1419 tempore
1716 1361 1966 1405 WILLELMI
1994 1360 2160 1404 comitis

209 1467 532 1509 GLoUCEs'rRIE.
592 1462 654 1504 Et
693 1476 773 1518 ego
809 1464 852 1502 et
886 1459 1060 1501 heredes
1099 1456 1185 1500 mei
1223 1453 1594 1498 warantizabimus
1636 1453 1695 1495 eis
1726 1452 1802 1495 hec
1838 1452 1982 1495 omnia
2013 1453 2160 1495 contra

208 1572 354 1600 omnes
374 1555 566 1598 homines
585 1553 913 1609 imperpetuum.
975 1549 1176 1591 Preterea
1196 1546 1379 1589 concessi
1400 1548 1442 1588 et
1463 1544 1708 1588 confirmavi
1728 1543 1928 1600 predictis
1943 1541 2160 1585 monachis

209 1663 355 1691 omnes
376 1645 627 1689 donaciones
648 1647 690 1686 et
711 1640 1053 1685 confirmaciones
1081 1645 1391 1681 antecessorum
1418 1651 1610 1679 meorum
1633 1668 1643 1678 .
1666 1638 1709 1678 et
1736 1649 1882 1677 omnes
1906 1633 2160 1677 donaciones

208 1743 250 1781 et
278 1735 620 1780 confirmaciones
649 1733 880 1775 liberorum
908 1730 1131 1773 hominum
1160 1743 1351 1771 meorum
1380 1762 1387 1769 .
1419 1728 1526 1770 sicut
1558 1729 1669 1768 carte
1697 1726 1886 1782 ipsorum
1912 1727 2126 1767 testantur
2147 1758 2156 1767 .

208 1829 365 1873 scilicet
393 1831 550 1869 terram
585 1825 773 1868 STURMY
809 1838 905 1865 eum
940 1819 1213 1877 pertinenciis
1248 1819 1333 1861 suis
1371 1853 1379 1861 .
1418 1818 1478 1860 Et
1519 1817 1722 1874 quicquid
1755 1816 1913 1859 habent
1954 1831 2006 1858 ex
2047 1817 2159 1858 (10110

210 1921 433 1963 GILBERTI
466 1917 683 1960 GRAMocs
708 1918 750 1956 et
779 1914 985 1956 heredum
1012 1911 1106 1967 ejus
1138 1945 1146 1954 .
1180 1911 1241 1953 Et
1262 1909 1464 1966 quicquid
1491 1908 1652 1951 habent
1672 1923 1724 1950 ex
1749 1908 1860 1950 dono
1880 1906 2160 1962 burgensium

209 2013 261 2054 de
294 2007 536 2053 KENEFEG‘
577 2040 586 2050 .
624 2010 666 2049 et
700 2005 931 2048 liberorum
965 2003 1188 2046 hominum
1214 2002 1261 2044 in
1290 2002 1439 2043 eadem
1463 2000 1566 2042 villa
1591 2000 1659 2042 vel
1687 2003 1808 2041 extra
1837 2029 1846 2038 .
1879 1998 1925 2040 in
1956 1998 2081 2041 feodo
2108 1998 2161 2041 de

207 2099 450 2145 KENEFEG'
485 2133 493 2141 .
537 2098 597 2140 Et
636 2100 777 2140 totum
817 2096 993 2138 feodum
1033 2095 1085 2136 de
1135 2093 1373 2136 LANGEWY
1414 2107 1467 2133 ex
1507 2091 1618 2132 dono
1658 2089 1813 2132 DAvm
1854 2087 2076 2131 SccRLAG'
2118 2090 2161 2131 et

209 2193 472 2237 concessione
521 2189 752 2232 NchOLAI
803 2187 944 2230 Pomz
987 2220 994 2228 .
1037 2185 1099 2227 Et
1148 2184 1351 2241 quicquid
1400 2182 1561 2225 habent
1611 2196 1663 2223 ex
1713 2181 1824 2222 dono
1874 2179 2055 2221 PAGANJ
2106 2179 2159 2221 de

211 2283 538 2327 TURBERVILLE
577 2283 620 2323 et
659 2279 864 2322 heredum
906 2278 1000 2334 ejus
1038 2277 1085 2318 in
1126 2273 1445 2318 KOITHCARTH’
1490 2307 1498 2315 .
1541 2272 1602 2314 Et
1651 2286 1703 2314 ex
1753 2271 1864 2312 dono
1913 2269 2160 2311 HERBERTI

210 2374 569 2417 KILTHICULLUM
602 2405 610 2412 .
642 2370 703 2412 Et
739 2385 792 2412 ex
827 2370 938 2411 dono
975 2367 1197 2411 MoneAm
1236 2366 1314 2408 filii
1351 2365 1525 2407 OWENY
1566 2362 1924 2404 HEVEDHALOKE
1957 2393 1967 2403 .
2010 2359 2070 2402 Et
2107 2375 2160 2402 ex

211 2466 322 2508 dono
356 2462 578 2505 Momm
614 2460 692 2503 filii
728 2460 953 2503 CARADocr
985 2462 1028 2501 et
1054 2458 1259 2500 heredum
1287 2456 1381 2512 ejus
1409 2458 1451 2497 et
1481 2453 1711 2496 liberorum
1735 2451 1958 2493 hominum
1989 2465 2162 2493 suorum

211 2554 413 2612 quicquid
443 2552 602 2595 habent
630 2551 677 2593 in
712 2565 897 2592 maresco
925 2549 1123 2592 DAUENE
1151 2552 1194 2590 et
1226 2547 1429 2589 Bnncffls
1457 2548 1499 2587 et
1532 2544 1792 2587 Rossoumm
1824 2544 1868 2584 et
1893 2556 2161 2584 communem

215 2651 434 2702 pasturam
466 2643 578 2685 inter
609 2641 776 2684 AUENE
812 2644 855 2684 et
890 2640 1058 2683 NETHE
1097 2673 1105 2682 .
1148 2639 1209 2681 Et
1240 2642 1396 2681 terram
1433 2651 1514 2692 que
1548 2633 1788 2691 appellatur
1814 2631 2053 2674 PULTIMOR
2082 2666 2091 2674 .
2122 2634 2165 2674 et

213 2737 405 2793 ejusdem
454 2738 564 2777 terre
613 2733 870 2776 forinsecum
920 2732 1142 2774 servicium
1192 2730 1291 2773 dedi
1341 2729 1400 2771 eis
1442 2761 1451 2770 .
1494 2730 1537 2770 et
1584 2724 1773 2769 relaxavi
1821 2724 1867 2766 in
1913 2726 2163 2779 perpetuam

214 2826 487 2870 elemosinam
518 2857 528 2867 .
561 2824 621 2866 Et
651 2839 703 2865 ex
730 2824 840 2866 dono
862 2823 1112 2867 WILLELMI
1142 2823 1194 2864 de
1215 2820 1468 2864 LONDONIIS
1489 2818 1863 2860 EGLISKEYNWER
1895 2847 1904 2856 .
1937 2813 1998 2857 Et
2018 2814 2163 2857 decem

214 2917 414 2960 solidatas
440 2919 551 2957 terre
581 2915 697 2970 apud
727 2913 972 2956 MARECROS
998 2928 1050 2954 ex
1077 2913 1189 2954 dono
1217 2911 1435 2953 Pmmm
1467 2910 1519 2951 de
1559 2907 1805 2949 MAREcnos
1836 2938 1846 2948 .
1878 2904 1939 2947 Et
1968 2920 2022 2947 ex
2051 2905 2164 2948 dono

213 3008 316 3051 ΑΒΕ
356 3008 409 3049 (10
449 3005 629 3048 SUMERI
670 3008 713 3047 et
747 3004 952 3047 heredum
992 3004 1086 3060 ejus
1118 3002 1333 3045 redditum
1368 2999 1524 3057 viginti
1567 3001 1748 3054 quatuor
1784 2996 2016 3039 solidorum
2047 2995 2163 3051 apud
