2386 3645
355 259 465 301 1556

293 466 462 508 ecclesie
483 465 733 522 parochialis
764 465 910 508 Sancti
937 465 1167 509 NICHOLAI
1190 467 1242 508 de
1262 465 1518 508 NICLASTON
1551 466 1750 521 predicta.
1813 465 1928 508 Item
1957 465 2106 508 dicunt
2127 467 2240 521 quod

293 557 406 599 idem
428 557 659 600 Rmmms
678 557 764 601 fuit
785 558 949 600 seisitus
969 561 1012 600 et
1041 557 1181 600 tenuit
1210 559 1262 600 de
1294 559 1441 600 eodem
1472 558 1645 600 domino
1674 557 1721 599 in
1752 557 1889 612 capite
1919 557 1987 599 die
2018 572 2102 613 quo
2132 557 2239 600 obiit

294 663 423 691 unam
443 649 670 704 parcellam
691 653 802 692 terre
822 653 1014 692 vocatam
1034 648 1460 692 MAUNGELLESLOND
1477 653 1520 691 et
1536 649 1664 691 aliam
1680 649 1907 704 parcellam
1923 651 2033 692 terre
2049 652 2241 692 vocatam

294 738 742 782 SCORLACESOASTELL'
771 754 868 781 cum
893 738 1058 782 duabus
1087 740 1250 781 tenuris
1280 740 1439 782 ibidem
1471 743 1513 782 et
1543 739 1812 796 pertinentiis
1843 739 1928 781 suis
1957 739 2004 780 in
2034 739 2245 782 dominico

293 844 368 872 suo
389 833 438 872 ut
459 831 511 873 de
531 831 656 873 feodo
676 846 751 887 per
770 831 1005 873 consimilia
1025 831 1248 873 servicium
1268 833 1310 872 et
1338 834 1494 873 sectam
1513 834 1562 873 ut
1583 831 1712 886 prius.
1774 830 1937 872 Dicunt
1968 830 2097 872 etiam
2130 830 2244 885 quod

293 921 406 963 idem
429 921 660 964 RICARDUS
680 922 765 964 fuit
787 922 953 964 seisitus
973 926 1015 964 et
1039 922 1179 963 tenuit
1200 923 1253 964 de
1274 922 1446 964 domino
1467 923 1520 964 de
1541 922 1814 964 PORTEYNON
1839 923 1930 962 octo
1951 923 2124 963 tenuras
2146 936 2242 963 cum

292 1012 538 1054 molendino
569 1013 763 1068 aquatico
794 1027 890 1054 cum
911 1012 1179 1068 pertinentiis
1199 1012 1245 1054 in
1266 1012 1431 1054 BURRY
1463 1012 1509 1054 in
1539 1012 1751 1054 dominico
1778 1026 1852 1054 suo
1881 1014 1931 1053 ut
1961 1012 2013 1053 de
2042 1011 2166 1054 feodo
2194 1012 2240 1053 in

291 1095 428 1150 capite
469 1096 537 1137 die
578 1110 660 1151 quo
702 1095 807 1137 obiit
846 1110 921 1151 per
961 1095 1183 1137 servicium
1223 1095 1407 1137 militare
1448 1098 1491 1137 et
1531 1098 1687 1137 sectam
1727 1095 1782 1136 ad
1823 1094 1984 1136 curiam
2024 1109 2145 1136 suam
2187 1095 2239 1136 de

290 1185 580 1228 PORTEYNON’
621 1201 696 1242 per
735 1186 1096 1242 premunicionem
1137 1200 1209 1228 sex
1245 1187 1423 1228 dierum.
1485 1185 1648 1228 Dicunt
1685 1185 1818 1228 eciam
1851 1186 1965 1240 quod
1999 1185 2240 1240 predictum

290 1278 528 1320 manerium
560 1279 611 1320 de
643 1277 898 1320 NICLASTON
932 1280 975 1319 et
1008 1280 1118 1320 terre
1154 1279 1206 1319 de
1242 1277 1672 1319 MAUNCELLESLOND
1704 1292 1751 1319 ac
1782 1275 2242 1319 SCURLACESCASTELL’

287 1383 384 1410 cum
404 1368 604 1423 predictis
624 1368 786 1410 tenuris
806 1369 859 1410 de
879 1368 1068 1424 predicto
1089 1369 1261 1410 domino
1285 1367 1557 1424 G·[0]WER1E
1579 1370 1781 1410 tenentur
1802 1367 1974 1410 nomine
1995 1367 2238 1409 medietatis

288 1458 417 1500 unius
447 1458 562 1501 feodi
592 1459 741 1501 militis
772 1462 814 1501 et
844 1459 993 1501 dicunt
1023 1460 1137 1514 quod
1167 1459 1406 1515 predictum
1436 1459 1675 1500 manerium
1707 1461 1749 1500 et
1779 1460 1889 1500 terre
1919 1458 2106 1513 predicte
2143 1472 2241 1500 cum

289 1550 451 1592 tenuris
479 1553 521 1591 et
548 1550 818 1606 pertinentiis
850 1550 936 1593 suis
956 1551 1100 1592 valent
1128 1565 1202 1606 per
1223 1565 1385 1592 annum
1404 1550 1451 1591 in
1479 1549 1676 1592 omnibus
1704 1548 1892 1591 exitibus
1916 1549 2031 1591 ultra
2061 1548 2242 1604 reprisas

290 1641 501 1683 sexdecim
540 1640 681 1683 libras.
763 1641 928 1684 Dicunt
967 1642 1100 1684 eciam
1141 1642 1254 1697 quod
1294 1641 1509 1698 predictus
1550 1641 1781 1683 RICARDUS
1823 1640 1928 1683 obiit
1969 1640 2038 1682 die
2088 1639 2244 1682 Martis

289 1731 482 1786 proximo
512 1733 607 1787 post
627 1731 787 1774 festum
808 1731 954 1775 Sancti
985 1732 1129 1774 PETRI
1161 1732 1235 1788 qui
1256 1732 1412 1774 dicitur
1434 1735 1444 1754 ‘
1461 1733 1516 1774 ad
1537 1730 1720 1774 vincula'
1744 1730 1896 1773 ultimo
1917 1730 2169 1787 preteritum
2200 1732 2241 1772 et

290 1823 404 1877 quod
439 1822 693 1864 PHILIPPUS
728 1822 1000 1865 MAUNGELL'
1042 1826 1105 1866 est
1137 1824 1251 1866 filius
1286 1826 1329 1866 et
1361 1823 1480 1866 heres
1514 1822 1748 1867 JOHANNIS
1784 1820 2055 1863 MAUNCELL'
2089 1820 2168 1862 filii
2203 1823 2248 1863 et

291 1912 457 1955 heredis
487 1914 620 1969 ipsius
650 1913 862 1956 RICAle
899 1918 961 1956 est
994 1915 1212 1970 proximus
1242 1914 1363 1957 heres
1394 1914 1588 1971 ejusdem
1619 1914 1815 1956 RmARm
1845 1913 1970 1955 etatis
2001 1911 2245 1967 quindecim

291 2019 502 2046 annorum
531 2008 573 2046 et
608 2005 803 2060 amplius.
865 2005 922 2047 In
955 2005 1078 2061 cujus
1104 2006 1166 2048 rei
1197 2006 1493 2049 testimonium
1523 2008 1613 2047 tam
1642 2005 1834 2060 prefatus
1865 2006 2086 2046 coronator
2115 2017 2245 2058 quam

290 2095 469 2150 predicti
489 2095 700 2151 juratores
720 2095 819 2137 huic
839 2095 1165 2153 inquisi[ti]oni
1186 2097 1329 2153 sigilla
1351 2112 1426 2139 sua
1447 2098 1749 2152 apposuerunt.

351 2184 516 2227 Datum
536 2187 651 2241 apud
672 2185 919 2229 SWEYNSEE
941 2187 1010 2230 die
1032 2191 1073 2229 et
1095 2203 1207 2230 anno
1229 2187 1493 2244 supradictis.

352 2274 470 2318 Seals
491 2276 696 2333 wanting.

350 2367 644 2410 Endorseclss‘
660 2368 870 2411 Ricardus
905 2369 1149 2422 Maunsell',
1183 2370 1212 2413 J
1215 2370 1403 2412 ohannes
1437 2368 1681 2420 Maunsess',
1719 2368 1947 2423 Philippus
1979 2364 2241 2409 Maunsell'.’

295 2457 400 2500 And
420 2459 467 2500 in
488 2474 512 2500 a
533 2459 641 2501 later
661 2460 848 2502 hand—‘
862 2462 937 2503 An
958 2461 1213 2517 inquisicion
1240 2461 1439 2516 whereby
1459 2460 1545 2503 this
1566 2459 1744 2516 proveth
1765 2458 1955 2515 Phylipp
1976 2457 2174 2500 Manxell
2202 2459 2247 2499 to

295 2547 348 2591 be
369 2564 499 2592 sonne
520 2553 564 2592 to
584 2550 702 2593 John
723 2551 932 2604 Manxell,
955 2567 1085 2594 sonne
1105 2554 1150 2595 to
1172 2552 1361 2595 Richard
1383 2550 1610 2594 Manen?

1085 2644 1099 2671 1
1140 2643 1147 2658 ‘
1160 2649 1192 2673 et
1205 2643 1210 2655 ⁵
1227 2643 1374 2672 wantino
1389 2643 1473 2672 here.

348 2696 489 2725 Richard
518 2697 639 2726 Mansel
664 2697 800 2727 married
825 2644 1180 2737 Elizabeth‚da1(1gi1ter
1204 2699 1237 2728 of
1261 2666 1392 2728 Hamdn
1407 2697 1618 2735 Turberville,
1634 2697 1666 2726 of
1693 2696 1861 2734 Penllyne.
1902 2695 2001 2733 John,
2016 2695 2065 2724 his
2080 2703 2149 2732 son,
2165 2693 2237 2723 who

306 2750 378 2780 died
402 2761 430 2781 v.
447 2761 488 2790 p.,
502 2752 639 2782 married
664 2753 765 2791 Sybil,
779 2754 940 2791 daughter
963 2755 995 2783 of
1018 2754 1160 2792 Gwilym
1175 2755 1341 2792 Llewelyn
1363 2764 1405 2792 ap
1427 2753 1542 2784 Howel
1557 2753 1683 2782 Ychan.
1726 2751 1845 2789 Philip,
1867 2751 1923 2781 the
1943 2751 2021 2788 heir,
2043 2750 2102 2779 fell
2124 2750 2157 2778 in
2179 2749 2235 2778 the

306 2806 400 2836 Wars
416 2808 448 2836 of
463 2808 518 2837 the
535 2808 646 2846 Roses,
660 2809 723 2837 and
741 2818 804 2838 was
819 2813 968 2839 ancestor
982 2810 1016 2839 of
1030 2811 1086 2839 the
1102 2810 1244 2840 Mansels
1260 2811 1293 2840 of
1311 2810 1467 2847 Margam.
