2386 3645
1919 277 2028 318 1503

231 480 372 532 partes
405 476 563 518 tociens
598 477 796 531 quociens
831 492 938 532 opus
974 478 1066 519 erit.
1128 478 1231 520 Non
1268 479 1462 521 obstante
1488 480 1523 521 si
1550 480 1694 523 forsan
1729 497 1853 524 causa
1888 487 1930 525 et
1960 499 2081 526 cause

227 566 476 622 hujusmodi
503 582 590 608 non
621 567 706 609 sint
740 568 794 609 ad
816 567 974 609 dictam
1002 568 1162 610 curiam
1182 569 1374 625 legitime
1395 570 1591 612 devolute
1612 586 1749 627 neque
1770 572 1816 614 in
1838 588 1886 615 ea
1907 575 1958 615 de
1975 574 2084 630 juris

226 657 473 699 necessitate
493 658 713 700 tractande
734 673 808 700 seu
828 658 960 699 eciam
979 659 1195 702 finiende.'

201 749 255 789 In
285 749 369 790 fine
399 764 497 791 vero
528 749 638 791 dicte
669 749 972 791 commissionis
1003 749 1090 792 sive
1130 751 1453 806 supplicacionis
1493 753 1639 794 cedule
1680 753 1834 808 scripta
1873 759 1993 797 erant
2033 756 2085 798 de

141 840 315 882 alterius
335 855 488 882 manus
506 840 650 882 littera
671 840 876 895 superiori
895 841 1036 883 littere
1056 842 1189 897 ipsius
1209 843 1355 885 cedule
1377 843 1549 898 penitus
1570 846 1611 886 et
1640 844 1811 887 omnino
1832 845 2027 888 dissimili
2047 849 2089 889 et

141 930 306 972 diversa
326 930 402 972 hec
423 930 550 972 verba
571 931 766 973 videlicet
784 946 854 973 :—

286 1024 295 1042 ‘
312 1021 380 1063 De
410 1023 613 1064 mandato
643 1022 807 1064 domini
836 1023 970 1065 nostri
1001 1023 1117 1079 Pape
1147 1025 1293 1066 audiat
1323 1025 1527 1081 magister
1547 1025 1577 1067 J
1579 1039 1789 1067 OHANNES
1812 1027 1863 1067 de
1885 1026 2087 1069 OPP1czls

226 1112 327 1154 citet
348 1117 396 1154 ut
417 1112 578 1168 petitur
597 1116 640 1155 et
659 1112 875 1168 justiciam
896 1113 1054 1156 faciat?

199 1202 336 1259 Cujus
366 1204 539 1259 quidem
579 1204 882 1246 commissionis
920 1205 1067 1261 vigore
1107 1207 1311 1249 citacione
1350 1207 1544 1263 legitima
1584 1222 1670 1249 una
1709 1222 1805 1250 cum
1835 1207 2091 1251 inhibicicne

139 1298 260 1336 extra
281 1294 519 1336 ROMANAM
540 1295 700 1338 curiam
732 1299 773 1337 et
805 1297 859 1337 ad
888 1299 1031 1351 partes
1060 1312 1135 1352 per
1164 1312 1240 1339 nos
1269 1298 1315 1339 in
1340 1298 1478 1340 forma
1498 1298 1622 1340 solita
1643 1301 1686 1340 et
1706 1302 1904 1340 consueta
1925 1300 2092 1341 decreta

138 1388 266 1441 atque
297 1401 489 1428 concessa
520 1387 822 1442 subsequenter
851 1387 937 1429 fuit
966 1388 1088 1430 nobis
1119 1404 1193 1443 pro
1226 1393 1345 1444 parte
1381 1389 1689 1432 venerabilium
1720 1394 1763 1432 et
1791 1390 2086 1445 religiosorum

137 1478 326 1519 virorum
348 1478 619 1520 dominorum
640 1477 898 1521 WILHELMI
921 1479 1155 1522 MEURUCK
1176 1480 1342 1523 abbatis
1362 1485 1404 1522 et
1426 1485 1657 1523 conventus
1687 1481 1932 1523 monasterii
1963 1481 2084 1523 beate

138 1568 298 1610 MAROE
320 1570 373 1610 de
394 1569 625 1611 MoRGANE
647 1570 807 1612 ordinis
829 1569 1160 1613 CISTERCIENSIS
1181 1570 1502 1613 LANDAVENS1S
1530 1571 1706 1614 diocesis
1726 1571 2025 1627 principalium
2045 1573 2091 1614 in

136 1659 250 1701 dicta
272 1659 394 1701 nobis
415 1660 528 1701 facta
550 1663 592 1702 et
611 1664 854 1715 presentata
875 1661 1166 1704 commissione
1186 1662 1478 1718 principaliter
1505 1663 1820 1704 nominatorum
1852 1663 2092 1718 expositum

137 1765 234 1793 cum
264 1751 436 1805 querela
467 1752 579 1806 quod
619 1752 818 1793 nonnulli
857 1752 1021 1794 domini
1060 1753 1214 1807 prelati
1253 1752 1417 1808 judices
1457 1753 1653 1795 officiales
1694 1753 1872 1808 collegia
1903 1753 2090 1808 capitula

133 1842 290 1883 notarii
320 1844 363 1883 et
391 1841 640 1883 tabelliones
671 1842 831 1897 publici
862 1843 1027 1898 alieque
1056 1858 1231 1899 persone
1262 1843 1537 1885 ecclesiastice
1568 1850 1610 1886 et
1641 1844 1846 1885 seculares
1877 1844 2088 1886 dictarum

135 1933 319 1974 civitatis
341 1935 383 1974 et
404 1932 579 1974 diocesis
599 1932 969 1975 LANDAVENSIUM
998 1938 1039 1975 et
1061 1934 1164 1976 alibi
1185 1934 1406 1976 constituti
1425 1950 1554 1990 penes
1576 1950 1618 1977 se
1648 1934 1808 1976 habent
1829 1937 1870 1976 et
1892 1935 2086 1977 detinent

133 2026 175 2065 et
195 2023 398 2065 habentes
419 2024 558 2065 sciunt
579 2027 621 2065 et
642 2023 882 2066 detinentes
902 2024 948 2066 in
970 2040 1115 2066 eorum
1138 2026 1251 2067 cistis
1272 2025 1436 2067 scriniis
1464 2026 1577 2067 notis
1596 2025 1868 2081 prothocollis
1888 2026 2086 2082 regestris

133 2118 176 2157 et
196 2115 467 2157 manualibus
487 2118 601 2157 certa
620 2115 718 2171 jura
739 2118 832 2157 acta
852 2115 1016 2158 litteras
1047 2116 1273 2171 scripturas
1303 2117 1587 2158 instrumenta
1617 2116 1841 2172 privilegia
1873 2120 1915 2158 et
1946 2116 2085 2158 muni-

134 2210 281 2248 menta
301 2221 470 2247 causam
491 2208 531 2247 et
554 2221 698 2248 causas
718 2206 967 2262 hujusmodi
997 2210 1222 2263 tangentes
1253 2211 1295 2249 et
1325 2207 1552 2263 tangencia
1581 2222 1657 2262 pro
1688 2207 1932 2263 cognicione
1963 2222 2085 2249 cause

131 2296 381 2352 hujusmodi
411 2298 664 2339 necessarias
693 2301 735 2339 et
765 2298 997 2340 necessaria
1038 2302 1080 2340 et
1120 2298 1211 2340 sine
1241 2298 1394 2354 quibus
1424 2299 1476 2340 de
1515 2298 1722 2353 presentis
1761 2313 1882 2339 cause
1922 2297 2084 2339 meritis

132 2387 378 2430 nullatenus
399 2387 530 2442 possit
550 2390 753 2430 constare.

190 2478 461 2533 Quapropter
490 2478 652 2520 fuimus
681 2494 756 2534 pro
787 2482 907 2534 parte
942 2480 1152 2522 dictorum
1192 2481 1462 2522 dominorum
1505 2513 1513 2522 .
1561 2478 1814 2522 WILHELMI
1846 2479 2077 2520 MEURUCK

131 2569 296 2612 abbatis
317 2572 357 2611 et
379 2572 611 2611 conventus
631 2570 877 2611 monasterii
903 2569 1023 2612 beate
1051 2571 1211 2613 MARIE
1233 2572 1286 2613 de
1312 2571 1545 2613 MORGANE
1567 2570 1727 2612 ordinis
1750 2569 2079 2612 OISTERmENsIs

129 2659 451 2702 LANDAVENSIS
481 2659 655 2701 diocesis
684 2660 983 2715 principalium
1015 2661 1159 2704 debita
1189 2677 1284 2703 cum
1315 2662 1524 2704 instancia
1553 2660 1747 2716 requisiti
1777 2660 1978 2715 quatinus
1998 2659 2078 2701 sibi

130 2751 182 2793 de
203 2754 411 2806 oportuno
431 2750 618 2792 remedio
648 2750 868 2805 providere
897 2751 1143 2807 litterasque
1174 2752 1474 2808 compulsorias
1504 2754 1624 2794 extra
1655 2751 1887 2793 ROMANAM
1918 2751 2079 2792 curiam

129 2844 172 2883 et
205 2842 259 2883 ad
294 2844 435 2896 partes
464 2841 511 2882 in
545 2840 685 2882 forma
719 2841 844 2883 solita
883 2846 926 2884 et
966 2846 1165 2885 consueta
1198 2845 1420 2885 decernere
1454 2845 1497 2885 et
1531 2843 1754 2884 concedere
1787 2841 2074 2896 dignaremur.

128 2930 221 2973 Nos
240 2930 375 2986 igitur
394 2930 424 2972 J
426 2944 636 2972 OHANNES
661 2931 831 2973 auditor
860 2932 1051 2987 prefatus
1082 2934 1350 2975 attendentes
1377 2932 1698 2989 requisicionem
1724 2931 1972 2987 hujusmodi
1992 2932 2079 2973 fore

123 3020 284 3076 justam
305 3023 348 3062 et
368 3035 594 3063 consonam
614 3021 774 3063 racioni
795 3024 992 3078 quodque
1012 3023 1129 3078 justa
1148 3023 1391 3079 petentibus
1410 3039 1497 3066 non
1519 3026 1581 3066 est
1594 3023 1871 3079 denegandus
1887 3037 2078 3064 assensus
