2386 3645
1924 262 2031 304 1351

142 452 197 495 de
228 451 366 495 tribus
395 467 551 509 augere
584 456 626 495 et
655 455 741 496 tres
771 468 978 510 pauperes
1010 457 1135 509 alere,
1165 458 1360 515 ipsosque
1389 475 1595 517 pauperes
1625 465 1690 506 ter
1718 464 1765 507 in
1795 481 1906 510 anno
1935 468 2087 512 vestire

142 545 404 586 tenerentur.
486 542 630 590 Quare
679 559 756 600 pro
795 547 916 600 parte
966 545 1132 589 abbatis
1170 551 1214 591 et
1252 552 1484 593 conventus
1521 553 1806 607 predictorum
1844 557 1964 600 nobis
2002 559 2088 602 fuit

139 633 362 676 humiliter
385 634 684 690 supplicatum,
706 637 755 677 ut
776 635 993 678 ecclesiam
1013 637 1248 692 predictam
1268 639 1407 682 eidem
1427 643 1681 686 monasterio
1701 644 1815 687 uniri
1834 646 2089 703 incorporari

141 726 184 767 et
204 724 374 767 annecti
393 725 596 767 mandare
617 725 670 767 de
688 724 957 781 benignitate
977 727 1207 783 apostolica
1227 729 1518 786 dignaremur.

200 815 294 858 Nos
322 815 458 872 igitur
486 815 736 872 hujusmodi
763 817 1145 872 supplicationibus
1164 819 1360 863 inclinati
1380 821 1641 865 fraternitati
1661 826 1746 878 tue,
1768 826 1820 867 de
1841 841 1924 882 qua
1942 827 1988 869 in
2008 828 2091 871 hiis

141 909 184 949 et
204 907 300 949 aliis
320 906 544 962 specialem
564 907 611 949 in
641 907 816 950 domino
836 908 1037 951 fiduciam
1067 909 1322 964 obtinemus,
1344 927 1420 968 per
1440 914 1668 969 apostolica
1688 915 1844 972 scripta
1863 919 2088 961 committi-

140 1013 236 1041 mus
276 1000 319 1040 et
352 998 607 1040 mandamus
648 1000 858 1054 quatenus
893 999 928 1040 si
962 1002 1025 1042 est
1066 1000 1128 1042 ita
1171 1002 1330 1044 dictam
1368 1004 1675 1059 parrochialem
1714 1006 1929 1049 ecclesiam
1968 1008 2090 1064 cujus

139 1089 426 1146 quadraginta
446 1089 702 1131 monasterio
722 1090 911 1145 predicto
932 1090 1056 1146 cujus
1076 1093 1490 1149 quadringentarum
1505 1095 1773 1139 marcharum
1787 1098 2088 1154 sterlingorum

137 1180 304 1222 fructus
343 1179 536 1222 redditus
576 1182 620 1222 et
657 1183 890 1235 proventus
930 1183 1164 1225 secundum
1214 1199 1481 1228 communem
1530 1187 1854 1231 extimacionem
1904 1190 2090 1233 valorem

139 1287 333 1314 annuum
362 1274 413 1314 ut
441 1271 524 1328 ipsi
554 1271 686 1314 abbas
716 1274 759 1314 et
788 1276 1021 1315 conventus
1041 1279 1234 1318 asserunt
1254 1291 1340 1318 non
1362 1278 1572 1320 excedunt
1592 1293 1689 1321 cum
1709 1280 1905 1323 omnibus
1924 1280 2091 1337 juribus

139 1366 182 1407 et
211 1363 482 1420 pertinentiis
512 1363 598 1406 suis
627 1363 943 1419 imperpetuum
974 1366 1226 1408 auctoritate
1249 1370 1394 1410 nostra
1413 1369 1536 1411 unias
1556 1369 1794 1426 incorpores
1814 1374 1856 1413 et
1877 1375 2088 1426 annectas,

143 1456 205 1498 ita
225 1456 340 1512 quod
360 1455 535 1498 cedente
555 1455 624 1497 vel
645 1456 874 1498 decedente
895 1459 1055 1499 rectore
1076 1457 1186 1500 dicte
1206 1459 1480 1514 parrochialis
1508 1461 1676 1503 ecclesie
1697 1462 1772 1518 qui
1791 1477 1905 1505 nunc
1935 1466 1997 1506 est
2025 1465 2093 1507 vel

141 1547 359 1589 ecclesiam
388 1547 526 1603 ipsam
557 1547 662 1589 alias
692 1547 1009 1602 quomodolibet
1031 1549 1276 1592 dimittente
1297 1551 1422 1593 liceat
1451 1551 1596 1594 abbati
1617 1553 1719 1595 dicti
1739 1554 1986 1596 monasterii
2017 1555 2090 1611 qui

139 1653 216 1695 pro
237 1641 426 1694 tempore
446 1638 578 1681 fuerit
609 1641 652 1681 et
682 1639 910 1682 conventui
939 1640 1138 1695 predictis
1167 1642 1469 1696 possessionem
1500 1642 1692 1699 ejusdem
1723 1645 1892 1687 ecclesie
1921 1645 2091 1701 propria

141 1730 393 1773 auctoritate
424 1729 739 1785 apprehendere
771 1733 813 1772 et
843 1730 889 1772 in
909 1731 1100 1787 proprios
1120 1747 1221 1774 usus
1241 1736 1444 1789 perpetuo
1471 1735 1666 1786 retinere,
1690 1735 1893 1778 ordinarii
1913 1736 1993 1778 loci
2023 1736 2091 1778 vel

139 1821 323 1878 alicujus
343 1821 518 1864 alterius
538 1821 714 1864 licencia
745 1837 870 1878 super
888 1823 968 1865 hoc
989 1823 1166 1866 minime
1194 1824 1399 1880 requisita
1431 1859 1439 1867 .
1473 1825 1534 1868 Et
1554 1827 1667 1881 quod
1686 1829 1911 1882 postquam
1931 1827 2088 1882 prefati

140 1912 270 1956 abbas
311 1916 354 1955 et
393 1916 627 1955 conventus
675 1913 979 1969 possessionem
1019 1914 1152 1970 ipsius
1201 1915 1370 1957 ecclesie
1420 1916 1638 1972 pacificam
1687 1916 1848 1960 fuerint
1897 1918 2088 1969 assecuti,

139 2019 368 2046 numerum
396 2004 702 2047 monachorum
733 2005 837 2047 dicti
868 2006 1115 2048 monasterii
1145 2007 1198 2048 de
1217 2006 1354 2049 tribus
1375 2022 1544 2063 augere,
1568 2011 1610 2050 et
1630 2011 1715 2051 tres
1735 2023 1941 2064 pauperes
1962 2010 2084 2059 alere,

136 2096 180 2138 et
217 2095 352 2138 dictos
385 2110 593 2151 pauperes
625 2097 690 2138 ter
721 2095 767 2138 in
803 2111 916 2138 anno
946 2097 1099 2138 vestire
1129 2099 1368 2148 teneantur,
1390 2101 1601 2140 reservato
1632 2101 1776 2141 tamen
1797 2100 1849 2141 de
1879 2099 2087 2142 fructibus

134 2185 372 2228 redditibus
411 2189 454 2227 et
489 2185 766 2241 proventibus
799 2187 992 2243 ejusdem
1033 2188 1203 2230 ecclesie
1242 2203 1317 2244 pro
1357 2192 1560 2244 perpetuo
1600 2188 1755 2231 vicario
1796 2189 1869 2244 qui
1909 2189 2082 2232 clericus

137 2276 336 2319 secularis
385 2276 542 2318 existat
589 2277 636 2319 in
687 2292 737 2319 ea
787 2278 959 2320 domino
1010 2279 1216 2321 servituro
1266 2294 1456 2335 congrua
1495 2280 1688 2335 portione
1729 2280 1781 2322 de
1821 2295 1905 2335 qua
1944 2281 2083 2323 valeat

136 2382 322 2423 congrue
363 2367 603 2421 sustentari,
645 2368 898 2425 episcopalia
938 2369 1037 2425 jura
1076 2370 1248 2422 solvere,
1291 2374 1333 2412 et
1372 2370 1457 2412 alia
1498 2369 1578 2413 sibi
1618 2370 1909 2412 incumbentia
1958 2385 2085 2413 onera

140 2461 388 2515 supportare
421 2492 430 2501 .
463 2458 567 2501 Non
607 2458 875 2502 obstantibus
915 2461 951 2502 si
991 2461 1125 2516 aliqui
1164 2476 1289 2517 super
1327 2461 1639 2517 provisionibus
1679 2460 1759 2504 sibi
1793 2461 1998 2503 faciendis
2033 2462 2085 2503 de

133 2548 384 2605 hujusmodi
415 2549 597 2591 ecclesiis
616 2550 684 2592 vel
715 2550 809 2593 aliis
838 2550 1053 2594 beneficiis
1084 2551 1370 2594 ecclesiasticis
1389 2551 1436 2593 in
1457 2551 1543 2594 illis
1562 2551 1754 2607 partibus
1775 2551 1994 2607 generales
2014 2551 2083 2593 vel

134 2639 334 2696 speciales
358 2640 584 2696 apostolice
605 2641 716 2684 sedis
737 2642 807 2683 vel
836 2642 1077 2698 legatorum
1098 2642 1192 2698 ejus
1220 2643 1385 2685 litteras
1404 2642 1685 2698 impetrarint,
1707 2642 1836 2683 etiam
1857 2641 1892 2683 si
1910 2656 1987 2697 per
2015 2657 2085 2684 eas

134 2731 190 2773 ad
208 2730 511 2773 inhibitionem
532 2731 861 2774 reservationem
884 2735 926 2775 et
946 2733 1164 2775 decretum
1184 2732 1252 2775 vel
1272 2733 1375 2774 alias
1397 2731 1711 2788 quomodolibet
1732 2731 1786 2773 sit
1810 2746 2048 2786 processum
2071 2764 2080 2773 .

133 2836 239 2877 quas
271 2821 459 2876 quidem,
477 2821 642 2864 litteras
679 2825 722 2864 et
753 2837 970 2878 processus
1003 2822 1172 2865 habitos
1206 2838 1282 2878 per
1315 2824 1484 2865 easdem
1514 2823 1568 2864 ad
1598 2821 1812 2864 ecclesiam
1845 2821 2078 2877 predictam

133 2912 331 2955 volumus
360 2926 447 2954 non
478 2912 664 2965 extendi,
697 2914 770 2955 sed
799 2913 970 2955 nullum
999 2929 1074 2969 per
1102 2913 1182 2955 hoc
1212 2914 1272 2955 eis
1312 2914 1452 2968 quoad
1481 2912 1784 2955 assecutionem
1814 2912 2082 2955 ecclesiarum

131 3003 202 3046 vel
239 3002 542 3046 beneficiorum
582 3003 763 3046 aliorum
802 3003 1090 3059 prejudicium
1130 3004 1338 3060 generari,
1381 3006 1424 3045 et
1465 3002 1799 3058 quibuscumque
1848 3002 2082 3059 privilegiis
