2386 3645
1958 265 2067 307 1403

177 461 319 518 legem
343 465 385 505 et
412 463 763 506 consuetudinem
791 464 916 520 regni
942 463 1128 507 ANGLIE
1159 468 1201 507 et
1229 466 1287 508 sic
1311 481 1526 521 processus
1552 482 1677 524 super
1704 471 1890 525 predicto
1921 471 2037 514 brevi
2065 473 2118 514 de

170 556 287 596 recto
314 553 486 596 habitus
514 554 658 596 extitit
688 553 1038 596 discontinuatus.
1100 554 1161 597 Et
1188 555 1235 597 in
1254 555 1334 598 hoc
1355 557 1468 611 quod
1488 557 1667 613 predicti
1686 559 1911 615 justiciarii
1931 562 2118 604 conside-

172 647 323 687 rarunt
353 644 553 686 seisinam
572 643 730 700 prefati
756 659 892 700 nuper
913 644 1078 688 comitis
1098 646 1151 687 de
1178 645 1379 701 predictis
1398 648 1652 690 tenementis
1677 663 1801 705 super
1827 651 1905 693 tali
1925 666 2119 707 processu

172 734 231 777 sic
252 734 566 777 discontinuato
587 734 669 790 ipsi
690 737 951 777 erraverunt.

230 824 345 868 Item
390 825 466 869 ubi
496 825 711 882 predictus
745 825 775 868 J
777 840 988 869 OHANNEs
1028 828 1080 869 de
1115 827 1346 871 MOUBRAY
1380 828 1624 885 placitando
1659 845 1756 873 cum
1789 831 1954 887 prefato
1985 849 2120 890 nuper

170 916 322 959 comite
343 915 649 960 WARREWICK
680 932 805 973 super
831 918 1020 973 predicto
1041 910 1159 961 brevi
1180 920 1233 962 de
1264 922 1377 963 recto
1397 920 1601 977 allegavit
1622 923 1736 977 quod
1756 921 1830 965 ubi
1850 923 1964 966 idem
1985 939 2120 980 nuper

163 1021 304 1050 comes
323 1022 398 1063 per
417 1007 656 1063 predictum
676 1007 802 1050 breve
822 1022 948 1051 suum
968 1008 1071 1051 fecit
1091 1010 1349 1053 demandam
1370 1025 1491 1054 suam
1507 1011 1559 1054 de
1579 1011 1778 1067 predictis
1798 1016 1933 1056 castro
1948 1019 1990 1056 ct
2006 1019 2118 1058 terra

165 1098 219 1140 de
241 1097 414 1141 GOWER
434 1113 532 1141 cum
552 1099 821 1154 pertinentiis
841 1100 887 1141 in
909 1099 1106 1144 WALLIA
1127 1103 1170 1144 et
1189 1116 1277 1144 non
1298 1101 1400 1144 fecit
1419 1102 1677 1145 demandam
1697 1117 1818 1146 suam
1838 1118 1913 1160 per
1933 1104 2116 1149 formam

167 1189 274 1245 legis
306 1188 491 1231 ANGLIE
518 1189 717 1232 videlicet
747 1189 793 1232 in
824 1190 970 1246 aliqua
1005 1195 1119 1234 certa
1149 1192 1252 1234 villa
1283 1191 1358 1235 ubi
1393 1192 1508 1235 infra
1542 1196 1701 1236 terram
1732 1195 1786 1236 de
1820 1193 1992 1237 Gowm
2022 1201 2122 1239 sunt

170 1280 334 1323 diverse
362 1280 462 1323 ville
483 1280 529 1323 in
546 1280 699 1336 quibus
728 1281 919 1337 predicta
949 1285 1134 1325 castrum
1165 1286 1207 1325 et
1228 1287 1341 1326 terra
1361 1284 1413 1326 de
1436 1283 1609 1327 GOWER
1629 1284 1819 1328 existunt
1839 1289 1882 1328 et
1902 1286 1947 1328 in
1969 1286 2122 1342 quibus

168 1371 281 1414 villis
315 1371 509 1428 prefatus
548 1387 685 1428 nuper
720 1386 858 1415 comes
897 1373 1088 1429 predicta
1123 1377 1308 1417 castrum
1343 1377 1386 1417 et
1406 1378 1564 1418 terram
1585 1376 1637 1418 de
1672 1374 1843 1419 GoWER
1874 1392 1948 1433 per
1989 1382 2121 1421 certas

167 1462 431 1518 quantitates
471 1464 774 1506 concordanter
813 1465 868 1506 ad
913 1464 1054 1521 legem
1094 1464 1280 1507 ANGLIE
1321 1466 1520 1522 petivisse
1560 1467 1702 1522 potuit
1742 1470 1785 1509 et
1825 1468 1958 1510 eciam
2007 1469 2123 1512 idem

166 1552 199 1596 J
200 1567 410 1596 OHANNES
450 1554 503 1595 de
538 1553 770 1596 Moumzu
805 1555 1037 1598 declaravit
1077 1555 1199 1598 villas
1231 1558 1274 1599 et
1307 1557 1569 1612 quantitates
1601 1557 1887 1613 predictorum
1923 1559 2047 1602 castri
2080 1563 2123 1602 et

168 1648 279 1688 terre
307 1646 360 1687 de
388 1644 562 1688 Gowm
590 1646 824 1701 petitorum
851 1646 897 1688 in
922 1647 1081 1689 eisdem
1106 1647 1220 1690 villis
1243 1651 1371 1703 prout
1395 1663 1470 1704 per
1500 1649 1720 1691 recordum
1739 1649 1979 1704 predictum
2001 1650 2121 1692 satis-

167 1736 303 1792 liquet
343 1739 386 1779 et
425 1751 474 1779 eo
507 1751 594 1778 non
635 1736 829 1780 obstante
865 1737 1023 1794 prefati
1063 1738 1289 1794 justiciarii
1330 1740 1488 1782 adtunc
1528 1740 1847 1782 considerarunt
1882 1741 2123 1796 predictum

162 1827 425 1870 JOHANNEM
457 1829 510 1870 de
540 1828 772 1871 MOUBRAY
792 1829 972 1872 ulterius
1002 1830 1255 1886 respondere
1275 1830 1350 1873 ubi
1370 1831 1451 1887 ipsi
1471 1830 1598 1874 breve
1618 1831 1727 1873 illud
1752 1847 1930 1875 cassasse
1952 1832 2121 1875 debuis-

172 1923 278 1961 sent.
340 1918 402 1961 Et
421 1919 467 1961 in
489 1918 568 1962 hoc
588 1919 669 1975 ipsi
690 1923 951 1963 erraverunt,

223 2015 267 2060 ΙΙ
308 2010 422 2053 Item
458 2009 532 2053 ubi
564 2011 780 2067 predictus
809 2011 839 2053 J
841 2025 1052 2054 OHANNES
1078 2013 1131 2054 de
1158 2011 1387 2055 MOUBRAY
1408 2013 1714 2069 calumpniavit
1734 2014 1972 2070 predictum
1993 2014 2118 2057 breve

162 2102 217 2144 de
237 2104 350 2144 recto
371 2115 419 2144 eo
440 2102 554 2157 quod
585 2101 806 2156 quodlibet
827 2101 952 2145 breve
980 2104 1033 2145 de
1060 2103 1228 2159 precipe
1253 2105 1367 2159 quod
1399 2105 1550 2146 reddat
1577 2119 1652 2160 per
1679 2105 1794 2160 quod
1821 2105 1973 2160 aliquis
2006 2105 2114 2161 petit

161 2192 304 2248 aliqua
337 2195 470 2234 terras
510 2207 585 2234 seu
624 2196 869 2235 tenementa
908 2208 983 2249 per
1022 2194 1163 2250 legem
1202 2194 1387 2237 ANGLOE
1427 2195 1695 2238 manuteneri
1731 2210 1818 2238 non
1858 2199 1996 2251 potest
2031 2196 2114 2239 nisi

167 2284 379 2326 demanda
406 2284 452 2325 in
479 2284 628 2325 eodem
658 2282 776 2326 brevi
805 2287 1005 2327 contenta
1032 2285 1107 2327 fiat
1139 2285 1182 2327 in
1218 2285 1362 2342 aliqua
1396 2289 1510 2328 certa
1540 2286 1644 2329 villa
1671 2287 1738 2329 vel
1770 2288 1823 2329 de
1852 2287 2051 2330 maneriis
2079 2290 2122 2330 et

166 2374 380 2430 predictus
400 2389 537 2430 nuper
558 2389 696 2417 comes
716 2389 791 2430 per
810 2375 1049 2430 predictum
1069 2375 1196 2418 breve
1223 2376 1274 2418 de
1306 2380 1419 2419 recto
1449 2377 1577 2432 peciit
1607 2392 1751 2419 versus
1779 2377 1919 2434 ipsum
1940 2377 1970 2420 J
1973 2392 2116 2420 OHAN-

161 2479 264 2506 VNEM
300 2466 352 2507 de
385 2463 615 2507 MOUBRAY
646 2464 837 2520 predicta
869 2469 1054 2508 castrum
1088 2467 1141 2509 de
1170 2466 1444 2510 SWEYNESEY
1471 2471 1513 2510 et
1542 2471 1698 2511 terram
1731 2469 1783 2510 de
1819 2468 1991 2511 GowER
2023 2484 2118 2511 cum

164 2556 434 2612 pertinentiis
473 2556 519 2598 in
552 2555 750 2599 WAmA
785 2571 873 2598 non
909 2556 1106 2600 faciendo
1148 2558 1404 2601 demandam
1440 2573 1559 2601 suam
1595 2559 1640 2601 in
1676 2559 1778 2600 villa
1812 2562 1938 2614 prout
1977 2559 2115 2602 facere

160 2647 381 2689 ⁴debuisset
412 2661 487 2702 per
518 2646 658 2702 legem
690 2646 876 2688 ANGLIE
909 2648 963 2689 ad
1001 2649 1115 2704 quod
1144 2649 1358 2705 predictus
1388 2664 1524 2705 nuper
1559 2664 1694 2692 comes
1728 2649 1970 2705 replicando
2007 2650 2117 2692 dixit

167 2739 281 2793 quod.
311 2737 502 2793 predicta
530 2740 714 2780 castrum
747 2741 789 2780 et
824 2740 936 2780 terra
968 2739 1020 2781 de
1057 2739 1226 2782 GOWER
1255 2740 1432 2783 fuerunt
1464 2756 1550 2782 una
1582 2740 1720 2796 patria
1750 2743 2000 2796 proportans
2029 2742 2114 2784 tale

163 2828 361 2884 generale
380 2842 538 2870 nomen
560 2828 756 2870 videlicet
779 2832 964 2871 castrum
986 2830 1038 2871 de
1062 2829 1339 2873 SWEYNESEY
1360 2834 1402 2873 et
1424 2830 1735 2873 GOWERSLOND
1756 2830 1798 2872 in
1824 2846 1906 2886 quo
1928 2845 2025 2873 casu
2040 2846 2116 2887 per

156 2918 455 2975 -cognicionem
483 2918 616 2974 ipsius
648 2933 784 2974 nuper
816 2919 983 2962 comitis
1019 2920 1133 2962 idem
1168 2936 1304 2976 nuper
1339 2936 1476 2964 comes
1510 2921 1682 2977 peciisse
1718 2920 1930 2963 debuisset
1957 2924 2115 2964 terram

164 3014 355 3052 vocatam
381 3007 694 3051 GOWERSLOND
716 3012 759 3051 et
779 3024 866 3051 non
887 3012 1046 3053 terram
1069 3011 1120 3053 de
1138 3010 1311 3054 &0vass
1327 3016 1369 3054 et
1385 3012 1492 3054 sicut
1507 3026 1583 3068 per
1597 3011 1812 3067 propriam
1826 3011 2117 3067 cognicionem
