2386 3645
273 323 384 365 1392

208 545 333 587 super
360 530 438 573 hoc
467 530 629 574 dictum
659 534 722 573 est
752 531 939 587 predicto
969 530 999 574 J
1001 544 1178 573 OHANNI
1210 531 1324 586 quod
1354 530 1531 573 ulterius
1560 529 1813 585 respondeat
1842 542 1929 570 non
1960 527 2155 570 obstante

210 621 453 678 calumpnia
472 622 675 678 predicta,
697 626 775 664 etc.
836 621 897 664 Et
912 621 1027 664 idem
1048 621 1077 665 J
1080 635 1290 664 OHANNES
1311 621 1505 664 defendit
1525 620 1596 677 jus
1610 634 1734 663 suum
1750 620 1935 675 quando,
1958 622 2035 662 etc.
2098 617 2159 661 Et

209 713 482 769 protestando
504 714 618 769 quod
638 728 725 756 non
746 713 959 769 cognoscit
980 713 1218 769 predictum
1237 715 1422 756 castrum
1441 713 1529 755 fore
1550 726 1686 754 unum
1707 724 1901 767 grossum
1921 724 1997 766 per
2018 724 2061 752 se
2082 724 2159 752 nec

208 808 329 847 extra
349 807 505 847 terram
528 805 580 847 de
602 804 771 848 GowEn
801 808 923 848 vocat
952 804 1053 847 inde
1082 805 1137 846 ad
1167 804 1439 847 warrantiam
1470 803 1498 846 J
1502 817 1727 846 OHANNEM
1758 802 1896 845 filium
1926 801 1955 845 J
1958 815 2159 844 OHANNis

208 896 261 938 de
281 895 511 938 MOUBRAY
539 899 581 938 et
612 895 641 938 J
643 910 868 938 OHANNEM
899 896 952 938 de
982 895 1153 938 Bomm
1184 896 1237 938 de
1267 895 1518 937 MIDHURST
1548 893 1884 950 consanguineos
1914 895 1958 935 et
1986 892 2161 935 heredes

205 985 456 1030 WILLELMI
497 986 710 1029 BREOUSE
751 986 960 1029 chevalier
997 985 1275 1028 summonitos
1317 986 1363 1028 in
1397 984 1668 1028 comitatibus
1709 983 1891 1027 Snssrx’
1933 982 2072 1026 Snme’
2114 985 2158 1026 et

207 1076 382 1130 Essnx',
404 1085 481 1120 etc.

266 1168 327 1212 Et
347 1169 562 1224 predictus
583 1183 719 1210 comes
740 1168 844 1210 dicit
864 1167 980 1223 quod
1000 1167 1074 1210 ubi
1104 1167 1319 1222 predictus
1349 1166 1378 1210 J
1381 1180 1593 1209 OHANNES
1624 1167 1677 1208 de
1711 1165 1943 1208 Moenum
1973 1166 2165 1222 superius

208 1262 330 1302 vocat
369 1260 425 1302 ad
465 1258 716 1301 warantiam
755 1258 964 1314 predictos
1003 1257 1033 1301 J
1036 1271 1262 1300 onANNEM
1298 1257 1436 1299 filium
1468 1256 1497 1300 J
1500 1271 1705 1299 OHANNIS
1741 1258 1784 1299 et
1823 1255 1852 1299 J
1855 1270 2080 1298 OHA.NNEM
2120 1258 2164 1298 et

207 1349 237 1392 J
240 1364 465 1392 OHANNEM
486 1350 573 1404 (sic)
594 1350 646 1392 de
667 1349 836 1392 Bomm
859 1347 983 1391 Idem
998 1347 1028 1391 J
1030 1361 1241 1390 OHANNES
1263 1347 1377 1389 filius
1397 1347 1427 1390 J
1430 1361 1630 1389 OHANNIS
1647 1350 1711 1390 est
1726 1346 1802 1389 illa
1817 1347 1966 1389 eadem
1982 1360 2160 1402 persona

205 1456 349 1484 versus
379 1456 509 1496 quam
539 1441 629 1496 ipse
659 1440 785 1483 breve
825 1440 941 1483 istud
979 1439 1228 1496 impetravit
1259 1439 1457 1482 videlicet
1487 1438 1517 1483 J
1519 1452 1731 1480 OHANNES
1762 1439 1814 1480 de
1846 1437 2076 1480 MOUBRAY
2106 1439 2161 1481 de

206 1532 457 1575 AxffloLME
473 1533 588 1574 unde
600 1531 709 1587 petit
723 1531 934 1587 judicium
948 1531 983 1574 si
998 1531 1129 1573 iidem
1150 1531 1238 1586 (sic)
1258 1530 1287 1574 J
1289 1544 1501 1573 OHANNES
1521 1531 1574 1573 de
1591 1529 1820 1572 Monmm
1836 1530 1889 1572 de
1904 1529 2158 1572 Axfflomffl

206 1624 260 1665 ad
282 1624 523 1666 vocandum
543 1623 728 1678 seipsum
749 1623 804 1665 ad
824 1622 1076 1664 warantiam
1101 1621 1259 1677 absque
1281 1635 1406 1664 causa
1436 1620 1608 1677 speciali
1637 1621 1764 1664 curiae
1795 1620 1865 1663 hic
1896 1621 2160 1663 ostendenda

203 1714 375 1757 admitti
395 1714 561 1766 debeat,
584 1717 662 1757 etc.
724 1713 784 1757 Et
806 1713 835 1757 J
838 1728 1049 1756 OHANNES
1070 1714 1123 1756 de
1146 1713 1377 1756 MOUBRAY
1394 1712 1499 1756 dicit
1512 1713 1626 1769 quod
1641 1712 1856 1768 predictus
1872 1711 2160 1757 WILLELMUS

204 1807 256 1848 de
277 1805 488 1848 BREOUSE
510 1805 597 1848 fuit
617 1805 784 1849 seisitus
804 1806 857 1849 de
877 1805 1133 1848 tenementis
1153 1820 1268 1847 nunc
1298 1804 1444 1860 petitis
1465 1807 1508 1847 et
1527 1804 1574 1847 in
1595 1804 1689 1847 visu
1709 1803 1858 1859 positis
1877 1803 1923 1846 in
1946 1803 2158 1846 dominico

203 1913 275 1941 suo
306 1900 356 1940 ut
386 1898 438 1939 de
469 1897 593 1940 feodo
624 1900 667 1939 et
697 1897 845 1940 eadem
877 1899 1121 1940 tenementa
1151 1911 1226 1952 per
1255 1910 1412 1939 nomen
1443 1895 1578 1938 tocius
1607 1898 1717 1937 terre
1748 1895 1801 1937 de
1833 1893 2007 1938 Gowmz
2036 1894 2157 1937 dedit

205 1988 395 2044 predicto
426 1987 455 2031 J
457 2002 634 2030 OHANNI
666 1989 718 2030 de
739 1987 972 2030 MOUBRAY
1001 1987 1127 2043 patri,
1159 1989 1252 2039 etc.‚
1275 1990 1317 2030 et
1337 1986 1508 2029 cuidam
1536 1985 1690 2030 AmNE
1711 1990 1814 2028 tunc
1834 1985 1958 2028 uxori
1978 2000 2052 2027 sue
2073 1985 2160 2027 filie

205 2079 401 2135 ejusdem
430 2079 693 2123 WILLELMI.
775 2078 1042 2122 Habendum
1082 2082 1126 2121 et
1154 2078 1390 2122 tenendum
1427 2077 1586 2121 eisdem
1616 2076 1645 2120 J
1649 2091 1827 2118 OHANNI
1858 2079 1902 2119 et
1931 2077 2085 2118 ALINE
2116 2080 2160 2119 et

206 2170 433 2213 heredibus
463 2171 515 2212 de
546 2169 789 2226 corporibus
818 2170 1007 2226 ipsorum
1036 2169 1066 2212 J
1069 2183 1269 2212 OHANNIS
1299 2172 1343 2212 et
1362 2169 1516 2210 ALINE
1548 2166 1815 2210 exeuntibus.
1877 2165 1949 2209 Ita
1979 2167 2094 2222 quod
2124 2166 2160 2210 61

206 2262 337 2304 iidem
357 2261 387 2304 J
390 2275 600 2303 OHANNES
621 2264 663 2303 et
684 2262 838 2304 ALINA
859 2260 1043 2303 obierint
1063 2261 1154 2303 sine
1174 2259 1401 2303 heredibus
1431 2260 1484 2302 de
1515 2257 1759 2314 corporibus
1789 2258 1875 2301 suis
1905 2257 2160 2301 exeuntibus

207 2354 355 2395 eadem
387 2356 499 2395 terra
530 2367 626 2395 cum
657 2352 928 2408 pertinentiis
956 2352 1124 2408 integre
1153 2353 1393 2394 remaneret
1436 2349 1690 2392 HUMFRIDO
1722 2350 1775 2392 de
1805 2349 1976 2392 Bomm
2008 2349 2160 2392 comite

208 2443 515 2486 HEREFORDIE
537 2448 578 2486 et
601 2443 759 2486 EssEx’
782 2447 825 2486 et
846 2443 1072 2487 heredibus
1102 2443 1189 2486 suis
1218 2443 1546 2498 imperpetuum.
1608 2441 1669 2484 Et
1700 2441 1804 2484 dicit
1834 2442 1949 2497 quod
1978 2441 2068 2497 ipse
2097 2444 2162 2484 est

207 2535 321 2578 filius
341 2539 383 2578 et
403 2535 522 2578 heres
543 2537 774 2578 eorundem
795 2535 824 2578 J
828 2550 1028 2578 OHANNIS
1048 2537 1101 2578 de
1121 2534 1351 2577 MOUBRAY
1372 2537 1415 2577 et
1444 2533 1598 2576 ALINE
1620 2536 1670 2576 ut
1690 2534 1743 2576 de
1764 2533 1889 2576 feodo
1919 2533 2086 2576 talliato
2116 2535 2160 2576 et

210 2642 259 2669 ea
279 2627 446 2669 racione
468 2631 590 2670 vocat
610 2627 666 2669 ad
686 2627 959 2669 warrantiam
978 2626 1119 2683 ipsum
1139 2625 1167 2668 J
1172 2639 1397 2668 OHANNEM
1418 2624 1557 2667 filium
1587 2623 1616 2667 J
1619 2638 1820 2666 OHANNIS
1851 2626 1892 2666 et
1922 2623 2162 2679 predictum

208 2718 237 2761 J
241 2732 466 2760 OHANNEM
488 2720 540 2760 de
561 2718 731 2761 Bomm
749 2718 1115 2775 consanguineum
1129 2720 1171 2760 et
1191 2717 1390 2760 heredem
1403 2715 1582 2772 predicti
1600 2714 1852 2759 WILLELMI
1865 2715 1918 2757 de
1935 2714 2159 2758 BREOUSE.

210 2809 271 2852 Et
300 2810 516 2866 predictus
546 2825 683 2853 comes
713 2810 817 2853 dicit
847 2810 961 2866 quod
982 2809 1198 2865 predictus
1233 2808 1262 2851 J
1265 2821 1476 2850 oHANNEs
1507 2807 1559 2849 de
1580 2805 1810 2848 MOUBRAY
1841 2806 1897 2848 ad
1926 2805 2161 2860 predictam

208 2901 471 2944 vocationem
492 2902 547 2944 ad
567 2901 818 2943 warantiam
838 2916 914 2957 per
934 2915 1104 2944 causam
1124 2915 1199 2956 per
1219 2899 1360 2955 ipsum
1391 2897 1583 2954 superius
1612 2897 1843 2952 allegatam
1873 2895 2045 2939 admitti
2074 2910 2161 2938 non

208 2991 345 3035 debet.
407 2991 527 3034 Dicit
547 2992 663 3034 enim
684 2993 798 3047 quod
819 2995 954 3035 status
975 3006 1102 3048 quem
1122 2990 1338 3047 predictus
1358 2989 1387 3032 J
1390 3002 1601 3031 OHANNES
1632 2989 1684 3030 de
1714 2987 1947 3029 MounnAY
1967 2986 2161 3043 superius

207 3082 366 3139 allegat
386 3082 624 3138 predictum
645 3082 675 3126 J
678 3097 903 3125 OHANNEM
925 3084 977 3126 de
1006 3082 1241 3124 MOUBRAY*
1256 3084 1435 3137 patrem,
1467 3082 1561 3132 etc„
1584 3085 1626 3121 et
1657 3077 1849 3122 ALINAM
1879 3076 2076 3120 habuisse
2107 3078 2159 3120 de
