2386 3645
1954 311 2065 352 1267

162 511 399 568 assignatis
420 511 473 552 de
493 525 560 553 me
581 512 624 553 et
643 509 870 552 heredibus
889 510 995 552 meis
1015 510 1146 553 libere
1167 511 1334 567 integre
1354 512 1462 554 bene
1484 515 1525 554 et
1545 513 1591 554 in
1611 529 1712 568 pace
1742 515 1837 570 jure
1867 515 2120 559 hereditario

172 602 500 657 imperpetuum.
563 600 803 643 Reddendo
833 601 934 642 inde
965 601 1190 643 annuatim
1216 602 1325 643 mihi
1358 606 1401 645 et
1427 603 1652 646 heredibus
1684 605 1788 646 meis
1812 606 2125 661 imperpetuum

171 694 278 735 duos
311 692 506 735 denarios
538 692 708 748 argenti
744 693 800 734 ad
835 692 993 734 festum
1027 691 1173 734 Sancti
1209 693 1469 735 MICHAELIS
1508 709 1584 749 pro
1627 695 1822 737 omnibus
1859 697 2041 738 serviciis
2081 701 2123 739 et

172 782 429 826 secularibus
451 784 685 825 demandis.
747 782 809 824 Et
830 798 909 839 ego
931 784 1069 825 dictus
1100 783 1394 826 LAURENCIUS
1416 785 1575 827 ROGGE
1597 789 1638 827 et
1659 786 1834 828 heredes
1863 788 1946 829 mei
1968 788 2125 831 dictam

163 890 312 918 acram
332 875 444 930 prati
460 890 555 917 cum
573 874 770 916 omnibus
786 875 872 916 suis
887 875 1156 931 pertinentiis
1168 876 1357 931 predicto
1372 876 1401 918 J
1404 891 1582 918 OHANNI
1600 877 1737 919 MODY
1750 881 1791 919 et
1804 878 2027 921 heredibus
2040 880 2126 922 suis

170 967 239 1008 vel
252 967 338 1008 suis
351 966 577 1022 assignatis
591 969 736 1008 contra
751 981 897 1009 omnes
910 970 1059 1022 gentes
1068 967 1438 1009 warantizabimus
1452 972 1492 1009 et
1506 968 1784 1010 defendemus
1799 969 2122 1025 imperpetuum.

168 1057 225 1100 In
257 1057 325 1113 cuj
334 1073 381 1099 us
401 1057 463 1099 rei
495 1057 789 1099 testimonium
810 1057 910 1099 huic
934 1059 1121 1113 presenti
1143 1062 1254 1100 carte
1285 1074 1376 1100 mee
1396 1059 1584 1114 sigillum
1608 1075 1751 1101 meum
1772 1061 1958 1115 apposui
2023 1061 2124 1102 Hiis

172 1147 351 1190 testibus
367 1182 375 1190 .
393 1147 421 1190 J
425 1163 612 1190 OHANNE
626 1148 655 1191 J
658 1163 762 1191 osEP
779 1182 786 1191 .
803 1148 972 1190 ΤΗΟΜΑ
986 1148 1206 1191 BARBOUR
1221 1183 1227 1190 .
1244 1150 1466 1205 prepositis
1481 1150 1609 1206 burgi
1622 1151 1674 1192 de
1687 1150 1931 1193 KAERDIFF
1943 1185 1949 1192 .
1962 1151 2129 1193 THOMA

167 1238 428 1280 PENNARTH
471 1241 574 1281 tunc
621 1239 779 1281 ballivo
807 1273 814 1282 .
849 1239 879 1282 J
881 1254 1068 1281 OHANNE
1121 1239 1328 1282 COTELER
1385 1241 1539 1282 seniori
1582 1275 1589 1283 .
1635 1241 1892 1283 Wufflmm
1944 1241 2067 1283 TORP
2111 1275 2118 1284 .

168 1329 429 1374 WILLELMO
451 1330 576 1372 DAVI
599 1334 641 1372 et
662 1331 770 1372 aliis.

225 1421 392 1464 Datum
429 1423 544 1477 apud
581 1421 809 1464 KAERDYF
845 1422 891 1463 in
912 1422 1061 1478 vigilia
1095 1421 1241 1464 Sancti
1275 1422 1304 1464 J
1308 1437 1434 1464 ACOBI
1471 1423 1650 1478 apostoli
1686 1438 1798 1465 anno
1828 1423 1951 1479 regni
1984 1423 2116 1479 Regis

162 1513 392 1555 EDWARDI
414 1514 535 1556 tercii
555 1517 651 1569 post
671 1516 949 1569 conquestum
972 1514 1170 1555 vicesimo
1202 1515 1397 1555 secundo.

570 1604 617 1641 (1)
643 1604 845 1634 Greek-arton
862 1614 897 1633 οι·
913 1604 1168 1641 Θνοοῑὼθώῑου,
1186 1605 1239 1633 the
1257 1604 1394 1633 Eastern
1413 1605 1533 1634 suburb
1549 1606 1583 1634 οἱ
1600 1604 1731 1634 Gai-diff.

988 1915 1348 1958 DCCCCXCVI.

159 2024 559 2068 AGREEMENT
635 2023 955 2067 BETWEEN
1027 2024 1158 2066 THE
1231 2023 1438 2066 ABBOT
1499 2023 1577 2065 OF
1647 2023 1926 2066 MARGAM
1987 2025 2120 2067 AND

306 2115 476 2160 JOHN
560 2115 777 2158 LANGE
861 2115 1273 2158 CONOERNING
1343 2115 1473 2156 THE
1560 2112 1970 2158 REPARATION
2043 2116 2122 2158 OF

305 2207 437 2250 THE
489 2207 607 2250 SEA
658 2206 878 2250 WALLS
929 2206 1002 2249 IN
1051 2206 1229 2249 AVAN
1285 2204 1520 2248 MARSH.

771 2313 946 2370 [HARL.
981 2313 1215 2366 CHARTER,
1249 2314 1302 2354 75
1335 2313 1389 2355 A.
1424 2312 1518 2369 44]
1733 2313 1757 2353 6
1789 2312 1898 2355 ΒΕΘ.
1935 2315 2057 2355 1349.

215 2424 313 2467 Hec
333 2424 563 2466 indentura
584 2423 698 2465 facta
718 2423 764 2465 in
781 2423 891 2465 festo
911 2423 1027 2465 beati
1049 2422 1279 2464 NICHOLAI
1298 2421 1482 2477 episcopi
1498 2424 1540 2463 et
1557 2421 1807 2463 confessoris
1823 2437 1935 2464 anno
1952 2421 2115 2464 domini

155 2516 382 2558 millesimo
404 2522 528 2557 cccm-
551 2514 876 2571 quadragesimo
898 2529 1012 2556 nono
1033 2514 1146 2555 inter
1171 2512 1369 2555 abbatem
1400 2513 1452 2553 de
1483 2512 1688 2554 MARGAN
1721 2527 1773 2553 ex
1805 2514 1924 2567 parte
1955 2527 2042 2553 una
2072 2514 2115 2554 et

153 2607 184 2650 J
187 2620 413 2649 OHANNEM
443 2606 608 2648 LANGE
640 2609 681 2648 et
712 2605 742 2648 J
746 2620 867 2647 EVAN
899 2620 952 2661 ap
986 2604 1221 2646 PHELIPOT
1252 2605 1304 2646 de
1335 2603 1500 2645 AVENE
1533 2619 1585 2645 ex
1616 2605 1735 2658 parte
1767 2602 1900 2644 altera
1930 2605 2112 2644 testatur

156 2698 270 2754 quod
297 2697 489 2753 prefatus
519 2696 649 2740 abbas
679 2696 859 2739 tradidit
889 2700 931 2738 et
963 2696 1165 2738 concessit
1196 2696 1354 2736 eisdem
1384 2694 1413 2736 J
1416 2708 1593 2736 OHANNI
1625 2696 1667 2736 et
1696 2693 1725 2736 J
1729 2707 1848 2735 EVAN
1881 2695 1972 2735 octo
1993 2709 2110 2736 acras

152 2792 266 2832 terre
296 2787 470 2830 arabilis
500 2789 553 2830 de
583 2788 796 2830 dominico
827 2787 1007 2843 grangie
1038 2802 1110 2829 sue
1142 2787 1194 2828 de
1227 2785 1406 2828 TERRYS
1437 2786 1492 2826 ad
1522 2784 1753 2826 terminum
1772 2783 1858 2825 vite
1880 2785 2110 2827 eorundem

155 2879 234 2922 sub
264 2879 403 2921 forma
433 2894 514 2934 que
546 2879 764 2935 sequitur.
788 2878 984 2920 videlicet
1016 2878 1129 2933 quod
1151 2892 1174 2919 a
1201 2876 1442 2932 supradicto
1472 2876 1577 2917 festo
1605 2874 1862 2930 reparabunt
1884 2876 1926 2916 et
1946 2878 2110 2917 susten-

151 2970 310 3013 tabunt
329 2973 370 3012 et
384 2970 726 3013 manutenebunt
741 2984 886 3012 omnes
901 2969 1059 3011 waldas
1080 2968 1266 3010 marinas
1279 2967 1412 3023 ipsius
1433 2966 1598 3009 abbatis
1619 2966 1666 3007 in
1683 2965 1858 3007 marisco
1874 2966 1926 3007 de
1940 2964 2109 3007 Avmm

147 3065 302 3104 -contra
331 3061 475 3103 omnia
514 3061 702 3118 pericula
742 3060 909 3102 marina
948 3059 1247 3102 tantummodo
1289 3058 1444 3113 absque
1481 3057 1651 3099 defectu
1684 3071 1830 3098 eorum
1870 3055 2110 3111 sumptibus
