2386 3645
299 259 411 300 1504

237 464 422 521 bonique
441 466 597 522 judicis
613 470 675 509 est
695 470 846 510 cuncta
864 468 1009 510 rimari
1024 484 1077 511 ne
1092 469 1258 511 racione
1275 470 1568 513 occultacionis
1582 471 1745 527 jurium
1761 474 1803 513 et
1815 472 2178 515 munimentorum

238 556 420 612 alicujus
439 557 627 613 partium
646 558 818 614 justicia
837 559 976 601 valeat
997 560 1199 615 deperire.
1261 560 1425 603 Idcirco
1455 563 1705 604 auctoritate
1735 563 1962 618 apostolica
1992 564 2112 606 nobis
2131 564 2178 606 in

237 646 316 689 hac
335 651 455 703 parte
476 649 696 691 commissa
725 664 798 691 vos
829 665 973 692 omnes
1003 654 1046 692 et
1076 651 1265 707 singulos
1295 652 1554 707 supradictos
1584 656 1626 696 et
1655 659 1843 695 vestrum
1873 653 2102 709 quemlibet
2132 655 2178 698 in

234 738 418 780 solidum
457 742 602 782 tenore
641 741 904 795 presencium
944 741 1197 796 requirimus
1237 745 1279 784 et
1318 758 1538 785 monemus
1579 743 1714 799 primo
1754 745 1936 787 secundo
1975 746 2103 788 tercio
2134 750 2176 788 et

233 831 512 885 peremptorie
543 831 744 886 vobisque
774 831 1075 874 nichilominus
1105 836 1146 874 et
1186 838 1373 875 vestrum
1403 833 1575 876 cuilibet
1606 835 1650 876 in
1680 834 1837 877 virtute
1868 839 2010 878 sancte
2034 836 2175 879 obedi-

231 920 347 963 encie
377 924 420 964 et
450 921 527 963 sub
558 922 678 977 penis
707 922 987 977 infrascriptis
1018 923 1206 965 districte
1241 924 1509 979 precipiendo
1541 926 1794 968 mandamus
1829 927 2030 982 quatinus
2059 927 2174 970 infra

231 1025 305 1053 sex
346 1011 511 1054 dierum
553 1013 740 1068 spacium
790 1016 1014 1068 postquam
1073 1028 1147 1068 pro
1197 1017 1316 1069 parte
1357 1014 1566 1057 dictorum
1606 1016 1875 1058 dominorum
1916 1016 2174 1060 WILHELMI

230 1100 465 1144 MEURUCK
501 1102 664 1146 abbatis
699 1106 742 1146 et
778 1106 1010 1145 conventus
1044 1104 1288 1145 monasterii
1323 1103 1443 1146 beate
1479 1105 1636 1148 MAmE
1672 1108 1724 1148 de
1755 1107 1988 1149 MORGANE
2014 1109 2174 1151 ordinis

230 1191 561 1236 CISTERCIENSIS
592 1194 913 1236 LANDAVENSIS
943 1194 1118 1236 diocesis
1147 1194 1446 1250 principalium
1477 1197 1622 1253 vigore
1652 1199 1911 1253 presentium
1942 1214 2067 1255 super
2095 1199 2173 1242 hoc

227 1282 394 1326 fueritis
428 1285 621 1340 requisiti
656 1300 729 1328 seu
763 1286 870 1327 alter
904 1290 1090 1327 vestrum
1129 1285 1261 1327 fuerit
1299 1286 1526 1341 requisitus
1566 1287 1809 1331 immediate
1850 1290 2119 1344 sequencium
2161 1326 2169 1334 .

226 1389 405 1430 quorum
437 1391 510 1418 sex
543 1377 708 1418 dierum
745 1378 850 1418 duos
884 1391 960 1432 pro
996 1376 1132 1431 primo
1168 1377 1273 1418 duos
1308 1391 1384 1432 pro
1423 1379 1605 1420 secundo
1638 1382 1680 1420 et
1720 1379 1904 1435 reliquos
1945 1381 2049 1423 duos
2084 1382 2173 1425 dies

226 1466 343 1509 vobis
376 1468 582 1510 universis
621 1472 663 1509 et
704 1467 885 1523 singulis
926 1467 1177 1523 supradictis
1216 1482 1291 1523 pro
1331 1468 1460 1510 tercio
1500 1471 1543 1510 et
1582 1469 1863 1524 peremptorio
1903 1471 2085 1514 termino
2125 1488 2172 1514 ac

225 1557 461 1599 monicione
498 1557 698 1600 canonica
737 1558 1014 1614 assignamus.
1097 1557 1168 1600 Ita
1218 1561 1361 1600 tamen
1403 1559 1517 1614 quod
1557 1558 1602 1600 in
1643 1558 1725 1601 hiis
1766 1562 2022 1616 exequendis
2062 1578 2173 1606 unus

222 1649 410 1689 vestrum
449 1648 582 1690 alium
622 1664 707 1690 non
757 1652 948 1705 expectet
984 1663 1061 1691 nec
1110 1664 1221 1691 unus
1270 1664 1346 1704 pro
1386 1649 1469 1692 alio
1517 1665 1590 1692 seu
1630 1665 1705 1706 per
1745 1651 1878 1693 alium
1919 1667 1961 1694 se
2003 1656 2172 1696 excuset

221 1738 276 1779 ad
316 1738 502 1794 prefatos
542 1739 735 1781 dominos
775 1740 957 1795 prelatos
1005 1740 1169 1796 judices
1219 1740 1415 1782 officiales
1465 1741 1644 1797 collegia
1679 1742 1865 1797 capitula
1906 1744 2092 1786 notarios
2127 1748 2169 1787 et

221 1828 471 1871 tabelliones
491 1829 681 1885 publicos
701 1830 889 1885 aliasque
909 1845 1106 1886 personas
1136 1831 1432 1874 ecclesiasticas
1452 1836 1495 1874 et
1525 1833 1729 1875 seculares
1750 1849 1797 1875 ac
1827 1833 1918 1876 loca
1947 1850 2021 1890 per
2051 1835 2168 1877 exhi-

220 1919 400 1962 bitorem
437 1921 700 1975 presencium
737 1920 854 1963 vobis
889 1922 1171 1964 nominandos
1200 1922 1483 1965 nominandas
1515 1930 1557 1965 et
1592 1924 1853 1966 nominanda
1893 1926 2170 1980 personaliter

222 2011 428 2053 accedatis
463 2026 534 2053 seu
570 2012 677 2054 alter
712 2016 898 2054 vestrum
918 2013 1089 2054 accedat
1123 2047 1130 2054 .
1167 2028 1319 2069 eosque
1349 2013 1651 2056 nichilominus
1672 2015 1921 2057 auctoritate
1943 2017 2171 2071 apostolica

222 2101 389 2156 prefata
409 2103 633 2158 requiratis
654 2106 696 2145 et
716 2104 924 2146 moneatis
955 2138 963 2146 .
993 2119 1097 2159 quos
1126 2119 1203 2146 nos
1233 2105 1366 2146 eciam
1395 2108 1540 2147 tenore
1570 2107 1832 2161 presencium
1852 2106 2107 2161 requirimus
2128 2111 2170 2150 et

221 2207 442 2235 monemus
463 2209 510 2235 ac
531 2194 590 2236 eis
611 2197 653 2236 et
675 2209 820 2237 eorum
844 2194 1016 2237 cuilibet
1037 2196 1082 2237 in
1111 2195 1268 2237 virtute
1289 2198 1431 2238 sancte
1456 2195 1697 2238 obediencie
1726 2200 1767 2239 et
1792 2196 1869 2239 sub
1893 2197 2014 2252 penis
2037 2198 2169 2240 infra-

221 2283 388 2338 scriptis
408 2283 597 2325 districte
618 2285 887 2340 precipiendo
908 2286 1119 2327 mandetis
1139 2285 1293 2341 quibus
1312 2286 1575 2342 precipimus
1598 2290 1639 2328 et
1670 2288 1922 2329 mandamus
1955 2288 2169 2335 Quatinus

221 2372 337 2415 infra
377 2374 598 2416 duodecim
639 2375 803 2417 dierum
845 2376 1032 2431 spacium
1083 2379 1177 2432 post
1226 2377 1548 2431 requisicionem
1589 2381 1630 2419 et
1680 2378 1962 2421 monicionem
2012 2385 2170 2422 vestras

223 2463 471 2519 hujusmodi
507 2465 751 2508 immediate
792 2466 1059 2521 sequentium
1091 2501 1099 2509 .
1140 2466 1333 2513 Quorum
1383 2468 1606 2510 duodecim
1656 2468 1821 2511 dierum
1870 2474 2052 2525 quatuor
2093 2485 2168 2526 pro

222 2555 358 2609 primo
382 2589 390 2597 .
414 2559 597 2610 quatuor
617 2571 692 2610 pro
713 2557 895 2598 secundo
917 2560 961 2599 et
979 2557 1162 2612 reliquos
1190 2561 1372 2613 quatuor
1392 2558 1481 2600 dies
1511 2559 1612 2614 ipsis
1643 2566 1684 2600 et
1715 2574 1861 2601 eorum
1891 2559 2064 2602 cuilibet
2093 2576 2169 2617 pro

223 2645 351 2687 tercio
382 2649 425 2687 et
454 2646 734 2700 peremptorio
770 2647 952 2689 termino
993 2663 1039 2689 ac
1071 2648 1307 2690 monicione
1343 2649 1544 2691 canonica
1577 2650 1801 2706 assignetis
1836 2654 1884 2692 ut
1925 2666 2000 2693 nos
2036 2651 2169 2694 eciam

223 2735 380 2778 eisdem
403 2736 668 2792 assignamus
681 2738 795 2779 dicta
813 2738 912 2793 jura
934 2772 942 2780 .
966 2744 1059 2780 acta
1081 2773 1089 2780 .
1113 2739 1277 2781 litteras
1300 2773 1308 2781 .
1332 2740 1559 2795 scripturas
1582 2774 1589 2782 .
1614 2741 1838 2797 privilegia
1856 2775 1864 2783 .
1884 2741 2169 2785 instrumenta

223 2834 266 2869 et
294 2827 562 2870 munimenta
593 2843 841 2884 quecunque
872 2845 1041 2872 causam
1072 2834 1113 2872 et
1143 2845 1289 2872 causas
1324 2830 1571 2886 hujusmodi
1602 2835 1828 2887 tangentes
1859 2835 1901 2873 et
1942 2833 2169 2888 tangencia

223 2918 487 2973 originaliter
518 2933 590 2960 seu
626 2934 770 2961 eorum
806 2935 905 2962 vera
937 2924 1225 2976 transsumpta
1259 2922 1305 2962 in
1346 2936 1491 2963 eorum
1524 2921 1672 2963 formis
1703 2922 1983 2978 originalibus
2007 2928 2082 2965 aut
2116 2939 2169 2965 ex

219 3023 368 3050 eorum
402 3009 514 3051 notis
548 3010 739 3065 registris
774 3013 816 3052 et
850 3011 1121 3054 manualibus
1150 3012 1215 3053 vel
1241 3027 1292 3054 ex
1324 3011 1603 3067 originalibus
1632 3012 1880 3068 hujusmodi
1909 3012 1955 3054 in
1988 3013 2168 3056 formam
