2386 3645
1873 284 1986 326 1239

98 486 251 529 REEso
271 501 325 541 ap
347 484 568 528 HOWELL'
585 484 743 527 bidello
764 483 921 527 ibidem
945 519 953 526 .
978 484 1134 527 DAvn)
1150 500 1204 540 ap
1225 484 1516 528 LLEWELLYN
1539 502 1592 542 ap
1612 487 1801 530 MEUmc
1823 520 1833 531 .
1854 489 2046 532 MADoco

96 575 215 619 Von.
238 609 247 618 .
273 574 446 618 Wmu
476 574 552 617 Du
573 590 626 630 ap
649 574 823 617 WmM
850 589 903 629 ap
935 573 1123 616 MEUmc
1145 608 1153 617 .
1179 574 1354 617 GRUFF'
1377 575 1578 618 KETHYN
1602 610 1610 618 .
1634 576 1663 619 J
1666 591 1787 619 EVAN
1807 593 1860 634 ap
1890 578 2045 621 DAvn)

98 681 153 722 ap
173 665 465 708 LLEWELLYN
487 667 530 707 et
551 665 699 707 multis
719 664 826 706 aliis.

155 756 320 799 Datum
341 756 457 811 apud
485 755 691 811 capellam
711 754 858 797 Sancti
879 754 1047 797 ΤΗΟΜΕ
1067 755 1268 808 martyris
1294 756 1340 798 in
1361 756 1545 799 Knvm
1568 790 1576 798 .
1599 757 1736 813 primo
1757 758 1826 800 die
1846 757 1876 801 J
1878 758 2043 816 anuarij

97 862 210 890 anno
230 847 354 903 regni
376 846 510 903 Regis
530 846 757 888 EDWARDI
778 846 898 888 tercii
918 849 1013 902 post
1034 850 1312 902 conquestum
1332 847 1462 889 tercio
1483 847 1657 890 decimo.

155 937 275 980 Mere
296 939 512 994 fragment
535 937 581 979 of
600 952 625 979 a
646 938 732 979 seal
752 937 797 978 in
819 952 950 993 green
972 952 1078 979 wax.
1140 937 1185 980 A
1204 938 1293 980 lion
1313 941 1512 994 rampant
1534 939 1779 982 contourne.

155 1028 450 1071 Endorsed—‘
469 1028 603 1084 Apud
624 1027 830 1084 Kylvey.'

870 1335 1286 1380 DOOCOLXXXI.

98 1444 314 1488 GRANT
355 1444 443 1487 BY
478 1444 507 1487 J
510 1443 777 1487 ERUARD
818 1444 900 1486 ΑΡ
952 1445 1200 1488 MEURIO
1250 1445 1332 1488 ΑΡ
1383 1445 1587 1490 DAVID
1648 1446 1782 1489 AND
1824 1446 2050 1491 PHILIP

240 1534 324 1578 ΑΡ
383 1535 586 1578 LUOAS
648 1535 726 1578 OF
790 1535 966 1578 LAND
1028 1535 1275 1578 CALLED
1338 1536 1466 1580 TYR
1525 1536 1659 1579 MAP
1732 1537 1910 1591 SAYR,
1970 1538 2044 1583 IN

243 1626 504 1679 KILVEY,
548 1626 624 1669 ΤΟ
666 1626 946 1670 MARGAM
987 1627 1216 1670 ABBEY.

817 1734 1047 1791 [MARGAM
1080 1734 1336 1792 CHARTER]

1168 1845 1223 1885 29
1255 1844 1366 1886 FER.
1435 1844 1487 1885 14
1517 1843 1645 1887 Enw.
1679 1843 1770 1886 III.
1863 1845 1987 1887 1340.

972 1934 1178 1977 Kuvm.

154 2025 302 2069 Sciant
337 2040 378 2081 p.
411 2028 454 2067 et
484 2025 516 2067 f.
550 2041 591 2081 q.
651 2040 728 2067 nos
768 2025 797 2067 J
804 2040 984 2067 ERUARD
1025 2040 1078 2081 ap
1135 2025 1322 2067 Mnumc
1362 2040 1415 2081 ap
1446 2025 1602 2068 DAvm
1633 2028 1676 2068 et
1710 2025 1961 2068 PHILIPPUS
1992 2041 2045 2082 ap

93 2115 241 2159 LUCAS
268 2116 464 2158 dedimus
491 2116 770 2158 concessimus
797 2122 840 2158 et
863 2116 941 2158 hac
970 2117 1155 2171 presenti
1181 2119 1295 2158 carta
1322 2118 1467 2158 nostra
1497 2116 1838 2158 confirmavimus
1868 2116 2042 2159 domino

92 2206 308 2249 ROBERTo
336 2208 388 2249 de
414 2206 596 2248 PENRES
623 2207 753 2249 militi
784 2207 1010 2249 heredibus
1046 2210 1089 2249 et
1121 2207 1346 2262 assignatis
1377 2207 1462 2249 suis
1489 2222 1621 2249 unam
1650 2207 1872 2249 dimidiam
1903 2222 2043 2250 acram

90 2301 203 2340 terre
233 2297 507 2341 WALLENSIS
536 2313 732 2340 mensure
764 2297 957 2340 arrabilis
988 2313 1084 2339 cum
1115 2297 1371 2353 pertinencis
1401 2312 1482 2353 que
1512 2301 1625 2339 terra
1654 2297 1768 2353 jacet
1797 2298 1912 2353 apud
1943 2297 2041 2340 TYR

89 2389 199 2432 MAP
231 2388 352 2431 SAYR
381 2389 426 2430 in
457 2387 641 2431 Knvm
666 2389 780 2431 inter
800 2393 958 2431 terram
980 2389 1143 2431 domini
1164 2404 1215 2431 ex
1236 2391 1356 2444 parte
1377 2387 1528 2430 boriali
1553 2390 1594 2430 et
1616 2388 1792 2430 australi
1813 2390 1856 2430 et
1880 2390 2038 2431 terram

90 2479 342 2524 WILLELMI
373 2494 426 2535 ap
447 2479 571 2522 KEN'
606 2483 793 2535 exparte
822 2480 1072 2521 occidentali
1102 2482 1145 2521 et
1170 2479 1378 2521 mineram
1408 2478 1637 2521 carbonum
1665 2478 1827 2520 domini
1847 2494 1899 2521 ex
1920 2481 2040 2534 parte

89 2570 287 2613 orientali
326 2571 434 2612 siout
473 2585 549 2626 per
589 2573 722 2612 certas
754 2573 889 2612 metas
929 2575 971 2612 et
1012 2570 1179 2613 bundas
1213 2570 1350 2612 eidem
1384 2569 1637 2625 assignatur.
1699 2568 1963 2611 Habendum
1995 2572 2038 2612 et

87 2663 325 2704 tenendum
359 2662 593 2718 predictam
635 2662 859 2704 dimidiam
893 2677 1033 2703 acram
1073 2664 1183 2704 terre
1214 2677 1310 2703 cum
1344 2661 1597 2717 pertinentis
1636 2660 1824 2716 predicto
1864 2661 2037 2703 domino

89 2752 304 2795 Rommo
336 2753 388 2794 de
418 2751 602 2794 PENRES
632 2752 858 2795 heredibus
888 2753 956 2794 vel
987 2752 1214 2809 assignatis
1244 2752 1330 2795 suis
1354 2752 1406 2794 de
1434 2750 1685 2806 capitalibus
1710 2750 1893 2793 dominis
1921 2750 2037 2793 feodi

89 2843 206 2886 illius
225 2858 301 2899 per
319 2843 511 2885 redditus
531 2846 574 2885 et
595 2843 770 2884 servicia
790 2843 890 2885 inde
912 2843 1056 2885 debita
1081 2850 1122 2884 et
1144 2844 1196 2885 de
1216 2842 1313 2899 jure
1334 2844 1533 2885 consueta
1552 2840 1684 2883 libere
1705 2840 1845 2896 quiete
1865 2840 1971 2883 bene
1992 2843 2036 2884 et

91 2934 139 2976 in
158 2949 260 2990 pace
281 2933 376 2990 jure
397 2933 655 2975 hereditario
676 2933 991 2989 inperpetuum.
1055 2934 1117 2976 Et
1137 2949 1214 2976 nos
1226 2948 1325 2976 vero
1345 2932 1525 2988 predicti
1545 2931 1574 2974 J
1577 2946 1759 2974 ERUARD
1781 2947 1834 2987 ap
1855 2931 2042 2974 annc

88 3040 144 3081 ap
174 3025 329 3067 DAvn)
350 3027 392 3067 et
423 3024 676 3067 Pmmppns
697 3039 751 3079 ap
784 3024 931 3067 LocAs
962 3027 1004 3067 et
1033 3024 1207 3067 heredes
1227 3024 1361 3067 nostri
1390 3024 1624 3080 predictam
1655 3023 1875 3065 dimidiam
1897 3038 2040 3066 acram
