2386 3645
339 275 449 316 1278

278 482 475 525 manibus
513 481 783 537 persolutam.
845 480 907 522 Et
941 494 1021 536 ego
1055 493 1153 521 vero
1186 478 1324 520 dictus
1360 477 1549 520 TnoMAs
1581 477 1755 519 heredes
1786 477 1871 519 mei
1904 477 1990 519 sive
2023 477 2230 533 assignati

276 573 419 615 omnia
458 574 702 614 tenementa
741 571 930 627 predicta
971 585 1067 612 cum
1107 569 1304 611 omnibus
1344 569 1467 611 terris
1506 571 1549 610 et
1600 568 1732 624 pratis
1783 567 1983 623 predictis
2035 567 2226 623 predicto

276 664 307 707 J
310 664 506 706 ERUARD’
529 678 582 718 ap
602 662 631 705 J
636 676 757 704 EVAN
777 664 819 704 et
848 661 1074 704 heredibus
1106 661 1192 702 suis
1223 660 1309 702 sive
1337 659 1564 716 assignatis
1599 662 1745 701 contra
1778 673 1923 700 omnes
1957 658 2150 700 homines
2185 660 2229 700 et

277 754 461 797 feminas
482 753 850 796 warantizabimus
869 751 1202 807 acquietabimus
1230 753 1272 793 et
1302 750 1581 792 defendemus
1605 751 1651 791 in
1684 752 1949 806 perpetuum.
2013 749 2069 791 In
2105 748 2229 804 cujus

280 846 342 888 rei
390 845 684 888 testimonium
732 843 831 886 huic
871 842 1056 899 presenti
1087 845 1199 884 carte
1235 841 1425 897 sigillum
1457 856 1601 882 meum
1634 840 1822 896 apposui.
1886 840 1987 882 Hiis
2018 839 2198 882 testibus
2219 873 2230 882 .
2282 844 2310 855 ⁸

281 937 502 980 JOHANNE
523 936 678 978 Lovm,
699 933 972 991 sen[escallo]
1005 949 1098 975 meo
1121 967 1130 975 .
1153 932 1325 975 domino
1357 931 1525 974 ΤΗΟΜΑ
1557 938 1716 974 rectore
1750 933 1802 974 de
1832 933 1997 973 AVENE
2034 966 2041 974 .
2080 931 2109 974 J
2114 946 2234 973 EVAN

284 1044 337 1084 ap
380 1028 629 1072 GOURGENT
668 1027 833 1069 bedello
866 1059 874 1068 .
908 1026 1166 1069 WILLELMO
1198 1024 1384 1066 GETHIN
1427 1056 1437 1066 .
1478 1024 1660 1066 JEVANO
1701 1038 1754 1079 ap
1790 1023 1946 1065 DAVID
1986 1023 2184 1066 VAcHAN
2226 1057 2236 1065 .

284 1120 405 1162 REso
432 1135 485 1175 ap
509 1152 518 1162 .
544 1153 552 1161 .
577 1153 586 1161 .
610 1121 653 1160 et
673 1118 819 1159 multis
839 1117 947 1159 aliis.

341 1210 504 1253 Datum
525 1211 638 1266 apud
661 1209 823 1251 AVENE
845 1208 913 1250 die
934 1207 1146 1250 dominica
1166 1207 1361 1262 proxima
1382 1208 1478 1262 post
1509 1205 1668 1247 festum
1699 1204 1846 1247 Sancti
1877 1204 1906 1247 J
1909 1219 2108 1246 OHANNrs
2137 1207 2237 1247 ante

276 1305 443 1359 portam
476 1300 679 1343 Latinam
703 1315 815 1342 anno
845 1300 968 1356 regni
1005 1299 1139 1354 Regis
1174 1298 1401 1340 EDWARDI
1431 1297 1549 1340 tertii
1579 1299 1673 1353 post
1714 1299 1991 1352 conquestum
2033 1297 2229 1338 vicesimo

283 1396 449 1450 quarto·
870 1448 938 1477 The
954 1447 1087 1484 writing
1102 1447 1135 1476 of
1151 1447 1207 1476 the
1223 1447 1326 1476 above
1340 1446 1368 1475 is
1383 1455 1462 1484 very
1477 1445 1658 1475 indistinct-

1194 1620 1340 1663 ΜΙΠ.

286 1732 589 1776 OHARTER
619 1731 706 1774 BY
742 1729 910 1773 JOHN
953 1729 1035 1772 LE
1079 1728 1356 1772 SPENSER
1401 1727 1477 1771 ΤΟ
1524 1727 1693 1771 JOHN
1739 1726 2005 1779 WILKOO,
2052 1726 2240 1769 CHAP-

800 1821 972 1874 LAIN,
1016 1821 1095 1863 OF
1135 1819 1344 1863 LANDS
1388 1819 1460 1862 IN
1503 1818 1723 1862 GOYTY.

1136 1920 1211 1977 [Gr.
1236 1919 1288 1963 G.
1313 1919 1388 1976 E]

1397 2012 1448 2053 11
1472 2010 1582 2053 Dnc.
1658 2011 1714 2052 24
1745 2009 1868 2051 Eow.
1902 2008 1993 2051 III.
2059 2009 2183 2050 1350.

346 2116 494 2159 Sciant
542 2117 757 2170 presentes
798 2117 840 2156 et
890 2113 1027 2155 futuri
1078 2113 1191 2168 quod
1243 2127 1322 2168 ego
1363 2111 1606 2154 JOHANNES
1638 2110 1677 2152 le
1714 2109 1919 2152 SPENSER
1954 2110 2006 2150 de
2048 2108 2243 2151 COYTIFF

289 2208 389 2251 dedi
409 2207 590 2250 concessi
611 2209 653 2248 et
682 2205 760 2247 hac
785 2205 971 2261 presenti
1004 2206 1119 2246 carta
1143 2218 1237 2245 mea
1274 2202 1520 2245 confirmavi
1552 2202 1580 2244 J
1586 2215 1763 2243 OHANNI
1793 2199 2001 2244 WILKoc'
2032 2200 2250 2254 capellano

292 2298 435 2340 omnia
484 2300 617 2339 terras
657 2298 701 2338 et
739 2298 983 2338 tenementa
1024 2311 1120 2337 cum
1162 2295 1247 2337 suis
1287 2294 1561 2350 pertinenciis
1602 2308 1683 2349 que
1723 2292 1854 2334 habui
1889 2292 1935 2333 in
1971 2291 2160 2334 dominio
2196 2292 2249 2333 de

296 2389 461 2433 COYTIF
502 2391 544 2431 et
584 2404 665 2444 que
705 2388 850 2444 jacent
889 2403 964 2444 per
1004 2388 1201 2443 antiquas
1241 2391 1376 2429 metas
1422 2389 1464 2429 et
1513 2387 1680 2429 bundas
1730 2386 1776 2427 in
1817 2384 2006 2427 dominio
2046 2384 2248 2439 predicto.

297 2481 562 2524 Habendum
583 2485 624 2522 et
645 2480 877 2522 tenendum
896 2479 1039 2521 omnia
1059 2479 1248 2534 predicta
1264 2481 1396 2521 terras
1412 2480 1454 2520 et
1467 2479 1711 2520 tenementa
1732 2492 1828 2518 cum
1849 2477 1935 2518 suis
1951 2475 2224 2531 pertinenciis
2240 2508 2250 2517 .

297 2573 486 2629 predicto
509 2572 680 2614 domino
701 2571 729 2613 J
733 2585 911 2613 0HANN1
942 2570 1169 2613 heredibus
1194 2570 1279 2613 suis
1312 2573 1355 2612 et
1387 2569 1614 2626 assignatis
1649 2568 1781 2610 libere
1816 2567 1958 2623 quiete
1991 2567 2098 2609 bene
2134 2569 2178 2608 et
2204 2566 2253 2608 in

300 2680 401 2721 pace
441 2663 537 2720 jure
576 2663 830 2706 hereditario
866 2663 912 2704 in
951 2665 1205 2719 perpetuum
1245 2663 1298 2704 de
1339 2662 1511 2718 capitali
1552 2661 1724 2702 domino
1765 2659 1881 2702 feodi
1915 2659 2031 2700 illius
2067 2658 2141 2713 qui
2176 2672 2252 2714 pro

301 2759 490 2811 tempore
512 2755 639 2797 fuerit
659 2769 733 2810 per
752 2754 944 2796 redditus
965 2758 1007 2796 et
1028 2754 1202 2796 servicia
1221 2754 1321 2796 inde
1344 2752 1488 2795 debita
1521 2758 1563 2794 et
1594 2753 1646 2794 de
1675 2751 1772 2807 jure
1805 2753 2016 2792 consueta.
2078 2749 2140 2791 Et
2175 2764 2255 2806 ego

303 2862 401 2889 vero
421 2846 634 2902 predictus
654 2845 895 2888 JOHANNEs
921 2845 962 2887 19
992 2844 1196 2887 SPENSER
1227 2846 1279 2887 de
1310 2844 1477 2887 CovTIF
1506 2846 1548 2886 et
1577 2843 1752 2885 heredes
1779 2842 1865 2883 mei
1896 2841 2039 2883 omnia
2069 2841 2261 2896 predicta

303 2941 437 2980 terras
457 2940 499 2979 et
526 2939 769 2979 tenementa
790 2952 886 2978 cum
907 2935 993 2978 suis
1028 2934 1342 2992 [pertinenciis]
1378 2934 1566 2990 predicto
1597 2933 1770 2975 domino
1806 2930 1835 2974 J
1838 2945 2016 2973 OHANNI
2049 2929 2258 2973 WILKoc'

304 3029 521 3084 capellano
552 3030 594 3070 et
613 3026 838 3070 heredibus
859 3027 945 3069 suis
965 3030 1008 3069 et
1038 3026 1265 3082 assignatis
1297 3029 1445 3068 contra
1475 3039 1621 3067 omnes
1656 3022 1855 3065 mortales
1889 3020 2260 3064 warantizabimus
