2386 3645
301 261 412 302 1316

238 466 417 509 dicenda
435 467 579 523 jurare
599 467 880 511 renitentibus
900 470 944 511 et
963 482 1156 524 expresse
1175 483 1250 524 per
1269 468 1459 510 eundum
1479 468 1642 511 Rasum
1660 501 1668 510 .
1686 467 1806 510 nulla
1825 466 1910 508 alia
1929 465 2179 522 probacione

242 555 480 600 ministrata
527 592 535 600 .
583 557 708 600 Idem
757 558 882 601 REEs
931 558 1192 615 judicialiter
1239 558 1456 602 fatebatur
1504 559 1619 614 quod
1666 560 1892 614 postquam
1940 556 2178 599 ROBERTUS

240 646 511 691 F1TzHAYM0
537 649 791 705 conquisivit
816 651 951 692 totam
977 648 1256 692 hereditatem
1283 651 1593 692 antecessorum
1619 662 1791 690 suorum
1819 662 1916 689 cum
1936 647 2050 690 dicta
2069 662 2180 703 aqua

240 739 284 781 et
332 738 510 794 piscaria
550 740 603 782 de
641 739 804 782 AvENE
844 754 871 781 a
909 739 1102 782 ducentis
1150 741 1193 782 et
1232 739 1538 795 septemdecem
1577 737 1701 780 annis
1739 737 1891 793 elapsis
1934 770 1943 780 .
1981 736 2181 780 Prefatus

241 826 482 871 Rossmzrns
521 829 696 872 donavit
726 829 935 886 religiosis
974 830 1027 873 de
1061 829 1266 872 MARGAN
1304 863 1313 872 .
1356 829 1514 871 dictam
1551 827 1774 884 piscariam
1807 830 1850 870 et
1889 842 2045 883 aquam
2083 842 2180 870 cum

239 918 433 974 pluribus
460 920 583 962 terris
607 923 917 963 antecessorum
941 935 1112 963 suorum
1132 921 1178 963 in
1200 920 1352 976 quibus
1375 919 1497 962 terris
1525 921 1804 962 antecessores
1824 919 1889 962 sui
1908 920 2180 975 postmodum

239 1010 387 1052 domos
407 1012 449 1052 et
468 1013 678 1054 trecentas
698 1026 794 1054 oves
814 1015 858 1054 et
877 1011 960 1053 alia
981 1011 1093 1054 bona
1112 1011 1341 1054 eorundem
1364 1010 1658 1066 religiosorum
1687 1010 1733 1052 in
1765 1010 1922 1053 eisdem
1952 1011 2182 1054 existencia

239 1099 558 1143 combusserunt
586 1101 632 1143 in
661 1101 895 1144 vindictam
922 1101 1166 1144 donacionis
1189 1101 1376 1157 predicte
1399 1134 1407 1143 .
1431 1115 1618 1144 asserens
1637 1100 1749 1156 ipsos
1772 1101 1959 1156 prefatas
1978 1103 2112 1144 terras
2138 1105 2180 1144 et

238 1190 436 1246 piscarias
456 1191 665 1248 religiosis
685 1192 732 1235 in
751 1207 853 1248 pace
873 1192 1080 1235 dimisisse
1101 1207 1317 1248 quousque
1338 1192 1390 1234 de
1410 1191 1619 1235 fructibus
1639 1192 1871 1234 earundem
1891 1193 1943 1234 de
1964 1192 2181 1235 maleficiis

237 1281 488 1337 supradictis
511 1315 520 1324 .
552 1283 710 1326 eisdem
736 1283 944 1339 religiosis
971 1283 1158 1339 plenarie
1188 1283 1318 1326 fuerit
1345 1282 1621 1326 satisfactum.
1684 1282 1745 1325 Et
1771 1283 1818 1325 in
1847 1283 1976 1326 fidem
1996 1286 2039 1326 et
2062 1284 2180 1326 testi-

237 1373 430 1415 monium
450 1373 750 1429 premissorum
772 1408 780 1417 .
804 1374 896 1417 Nos
916 1376 1099 1417 decanus
1119 1375 1384 1431 supradictus
1408 1374 1599 1431 sigillum
1619 1374 1744 1417 officii
1764 1374 1898 1418 nostri
1917 1374 2183 1430 presentibus

238 1463 523 1519 apposuimus,

293 1553 588 1596 Endorsed—‘
603 1553 671 1597 De
691 1554 869 1610 piscaria
889 1556 941 1598 de
963 1555 1125 1612 Kenfig
1144 1558 1186 1598 et
1205 1555 1364 1598 Avan.'

293 1643 478 1687 Poiuted
498 1645 594 1687 oval
623 1646 722 1697 seal,
744 1646 850 1688 dark
880 1661 1010 1702 green
1031 1662 1139 1699 wax,
1164 1647 1277 1702 lfflin.
1300 1647 1358 1703 by
1390 1647 1477 1703 gin.
1542 1646 1611 1689 On
1641 1662 1665 1689 a
1688 1647 1820 1703 rocky
1841 1650 1992 1690 mount
2019 1663 2044 1690 a
2068 1647 2179 1699 wolf,

236 1737 410 1788 statant,
432 1734 617 1778 beneath
637 1751 662 1778 a
683 1739 784 1780 tree.

728 1831 738 1850 ⁴
759 1835 801 1877 ÷
830 1828 862 1871 s'
887 1862 895 1871 .
919 1828 1277 1886 DE[GAN]AT[US]
1305 1864 1312 1872 .
1336 1844 1394 1872 DE
1419 1863 1427 1871 .
1451 1829 1692 1873 GRONYTH.'

1070 2121 1353 2165 MXXVIII.

239 2222 447 2266 ASSISE
489 2224 568 2267 OF
614 2224 1208 2271 NOUVEL-DISSEISIN
1247 2228 1320 2272 IN
1369 2228 1500 2272 THE
1543 2228 1800 2272 OOUNTY
1850 2229 2057 2273 OOURT
2108 2230 2186 2273 OF

386 2314 783 2359 GLAMORGAN
831 2315 914 2359 AT
965 2317 1255 2371 CARDIFF,
1306 2318 1622 2363 WHEREIN
1672 2319 1803 2363 THE
1853 2320 2061 2364 ABBOT
2108 2320 2187 2363 OF

385 2405 663 2449 MARGAM
697 2406 1019 2451 REOOVERS
1053 2408 1259 2452 SEISIN
1295 2409 1373 2453 OF
1413 2410 1544 2452 THE
1585 2410 1869 2454 FISHERY
1900 2411 1978 2454 OF
2007 2411 2188 2455 AVAN

387 2495 662 2540 AGAINST
703 2497 832 2551 RES,
874 2498 992 2542 SON
1033 2499 1111 2542 OF
1148 2499 1413 2544 GRIFFIN
1450 2501 1730 2555 GETHYN,
1767 2502 1901 2545 AND
1938 2502 2187 2555 HOWEL‚

389 2586 506 2630 SON
556 2587 635 2631 OF
685 2587 950 2632 GRIFFIN
1002 2590 1238 2633 HAGER.

965 2696 1196 2754 [MARGAM
1228 2698 1485 2757 CHARTER]

438 2802 639 2845 Momm(
662 2819 834 2846 BEFORE
855 2804 1144 2849 MIDSUMMER
1164 2806 1281 2849 DAY.
1343 2808 1398 2849 22
1421 2807 1450 2850 J
1454 2822 1558 2850 UNE.
1620 2809 1675 2850 40
1698 2807 1825 2850 Enw.
1850 2807 1941 2850 III.
2006 2809 2129 2851 1366.

305 2910 542 2954 Comitatus
563 2910 924 2955 GLAMORGANCIE
940 2916 1084 2956 tentus
1100 2916 1215 2970 apud
1231 2913 1457 2957 KAERDYF
1473 2916 1542 2958 die
1559 2915 1684 2958 Lune
1699 2915 1893 2972 proximo
1913 2918 2013 2958 ante
2033 2915 2191 2959 festum

247 3001 499 3045 Nativitatis
529 3001 676 3045 Sancti
704 3003 735 3046 J
737 3018 936 3046 OHANms
967 3004 1190 3048 BAPTISTE
1231 3021 1344 3049 anno
1373 3006 1498 3063 regni
1527 3006 1661 3063 Regis
1690 3006 1917 3049 EDWARDI
1947 3006 2067 3050 tercii
2096 3010 2192 3064 post
