2386 3645
313 239 422 280 1608

1067 447 1375 490 MCLXXIX.

251 551 450 594 LEAsE
505 552 591 594 BY
640 552 957 595 NIOHOLAS
1009 553 1237 606 ASHBY,
1293 554 1522 597 BISHOP
1578 555 1656 598 OF
1708 555 2065 608 LLANDAFF,
2113 555 2189 598 ΤΟ

394 642 628 686 HOWEL
689 642 900 685 CARNE
961 644 1038 685 OF
1098 644 1227 686 THE
1295 645 1521 688 MANOR
1587 645 1665 688 OF
1724 645 1952 688 LITTLE
2018 646 2192 689 NASH

393 733 516 775 FOR
571 733 762 776 SIXTY
815 733 1020 776 YEARS
1074 734 1155 777 AT
1197 734 1239 777 A
1278 735 1541 778 YEARLY
1593 736 1763 778 RENT
1816 736 1894 778 OF
1948 736 2193 779 THIRTY

394 822 745 866 SHILLINGS.

1053 881 1234 938 [CARNE
1275 882 1394 939 MS]

1284 983 1336 1022 10
1378 981 1508 1024 JULY.
1584 983 1639 1023 26
1679 982 1804 1024 HEN.
1848 982 1929 1025 VI.
2009 983 2133 1024 1448.

305 1079 568 1122 NICHOLAUS
596 1079 867 1135 permissione
898 1079 1043 1121 divina
1074 1081 1291 1135 episcopus
1312 1080 1633 1122 LANDAVENSIS
1654 1081 1861 1123 universis
1882 1084 2024 1123 sancte
2045 1081 2193 1123 matris

247 1171 416 1212 ecclesie
445 1171 543 1212 filiis
570 1172 624 1213 ad
653 1186 757 1226 quos
790 1185 959 1226 presens
990 1170 1193 1225 scriptum
1223 1173 1414 1212 nostrum
1446 1171 1684 1226 pervenerit
1719 1172 1899 1213 salutem
1933 1171 2119 1228 graciam
2152 1174 2194 1213 et

245 1261 597 1304 benediccionem.
660 1261 811 1305 Sciatis
842 1277 918 1303 nos
952 1261 1198 1304 concessisse
1228 1264 1270 1303 et
1300 1262 1354 1303 ad
1385 1262 1551 1303 firmam
1581 1262 1787 1304 dimisisse
1818 1263 1970 1304 dilecto
2002 1262 2123 1305 nobis
2146 1262 2192 1304 in

245 1351 442 1394 CHRISTO
473 1352 679 1394 Hownno
711 1352 866 1393 CARNE
897 1352 1134 1393 manerium
1161 1355 1353 1394 nostrum
1375 1353 1426 1393 de
1450 1352 1608 1394 PARVA
1630 1352 1868 1394 FFRAXINO
1888 1353 1992 1394 alias
2012 1353 2194 1395 LYTELL

243 1443 376 1485 NASH
410 1458 506 1485 cum
527 1443 721 1485 omnibus
741 1443 863 1485 terris
883 1446 926 1484 et
946 1443 1201 1484 tenementis
1221 1442 1457 1485 redditibus
1487 1443 1620 1498 pratis
1650 1444 1814 1498 pascuis
1844 1444 2028 1498 pasturis
2057 1443 2191 1486 boscis

246 1533 376 1575 vastis
397 1549 492 1575 cum
514 1533 709 1575 omnibus
730 1533 824 1574 aliis
844 1532 1215 1575 commoditatibus
1236 1536 1277 1575 et
1307 1533 1504 1588 proficuis
1529 1534 1667 1575 eidem
1687 1534 1875 1576 manerio
1906 1533 2193 1589 spectantibus

246 1628 288 1667 et
320 1624 631 1680 pertinentibus
661 1624 879 1666 universis.
943 1623 1208 1666 Habendum
1236 1627 1279 1666 et
1305 1625 1539 1666 tenendum
1569 1625 1807 1667 manerium
1835 1626 2071 1680 predictum
2098 1640 2193 1668 cum

247 1715 444 1758 omnibus
463 1715 585 1757 terris
606 1718 647 1757 et
669 1715 920 1757 tenementis
940 1714 1176 1756 redditibus
1196 1715 1328 1770 pratis
1349 1716 1514 1770 pascuis
1535 1715 1716 1770 pasturis
1737 1715 1869 1758 boscis
1890 1719 1931 1758 et
1948 1716 2077 1758 vastis
2098 1731 2194 1758 cum

247 1806 443 1848 omnibus
473 1806 566 1847 aliis
596 1805 968 1848 commoditatibus
997 1811 1040 1847 et
1075 1806 1272 1861 proficuis
1303 1806 1439 1848 eidem
1469 1806 1657 1848 manerio
1688 1806 1976 1862 spectantibus
2006 1807 2194 1862 predicto

249 1897 454 1939 HOWELO
485 1896 709 1939 heredibus
729 1899 770 1937 et
801 1896 1027 1952 assignatis
1059 1896 1144 1938 suis
1166 1897 1220 1938 ad
1251 1896 1481 1938 terminum
1512 1897 1735 1952 sexaginta
1765 1912 1974 1939 annorum
2004 1898 2195 1953 proxime

250 1988 518 2043 sequentium
539 1991 632 2042 post
654 1988 803 2029 datum
822 1987 1101 2042 presencium.
1163 1987 1398 2029 Reddendo
1419 1987 1519 2029 inde
1541 1988 1766 2030 annuatim
1787 1987 1908 2030 nobis
1929 1991 1971 2030 et
1992 2003 2194 2030 successo-

251 2078 367 2120 ribus
383 2079 536 2120 nostris
551 2078 732 2134 triginta
748 2078 901 2120 solidos
920 2078 1071 2134 legalis
1085 2082 1254 2121 monete
1271 2079 1490 2121 solvendos
1506 2080 1561 2121 ad
1581 2079 1753 2121 ffestum
1776 2079 1921 2122 Sancti
1938 2079 2196 2122 MICHAELIS

251 2169 497 2225 archangeli
528 2173 699 2211 tantum
729 2184 804 2224 pro
826 2169 1022 2211 omnibus
1047 2170 1141 2211 aliis
1171 2170 1354 2212 serviciis
1384 2170 1677 2212 exaccionibus
1697 2173 1740 2212 et
1760 2171 1982 2212 demandis
2012 2171 2197 2226 exceptis

253 2261 374 2302 sectis
409 2260 522 2301 curie
557 2262 697 2301 nostre
732 2259 903 2302 ibidem.
978 2260 1038 2302 Et
1075 2275 1151 2302 nos
1184 2275 1281 2302 vero
1321 2260 1367 2303 N
1370 2275 1586 2302 IcHOLAUs
1626 2261 1843 2316 episcopus
1883 2262 2121 2304 antedictus
2156 2264 2197 2304 et

253 2365 503 2394 successores
523 2351 655 2393 nostri
675 2351 912 2406 predictum
933 2352 1170 2393 manerium
1191 2367 1287 2394 cum
1309 2351 1505 2394 omnibus
1525 2352 1648 2394 terris
1677 2355 1720 2393 et
1749 2352 2003 2394 tenementis
2022 2353 2197 2395 redditi-

255 2441 334 2484 bus
368 2441 500 2497 pratis
532 2441 695 2496 pascuis
731 2442 912 2497 pasturis
946 2441 1079 2484 boscis
1109 2446 1151 2484 et
1182 2443 1309 2485 vastis
1340 2458 1436 2485 cum
1478 2443 1674 2485 omnibus
1706 2443 1800 2484 aliis
1832 2443 2200 2486 commoditatibus

257 2535 300 2574 et
334 2533 529 2587 proficuis
564 2532 677 2574 dicto
712 2532 899 2574 manerio
932 2533 1243 2588 pertinentibus
1274 2537 1316 2575 et
1346 2533 1632 2589 spectantibus
1667 2534 1961 2589 prenominato
1996 2534 2201 2576 HovaLo

257 2623 482 2665 heredibus
503 2626 545 2664 et
565 2622 790 2678 assignatis
814 2623 899 2665 suis
920 2624 1100 2665 durante
1132 2624 1313 2666 termino
1343 2624 1531 2679 predicto
1562 2624 1785 2680 sexaginta
1815 2640 2025 2667 annorum
2055 2628 2200 2668 contra

258 2728 403 2756 omnes
423 2718 571 2770 gentes
592 2713 959 2756 warantizabimus
979 2717 1021 2755 et
1042 2715 1330 2757 defendemus.
1393 2715 1448 2756 In
1469 2715 1592 2770 cujus
1611 2715 1671 2757 rei
1698 2715 1989 2757 testimonium
2009 2716 2200 2772 sigillum

259 2809 452 2847 nostrum
472 2804 657 2860 presenti
677 2804 830 2859 scripto
852 2804 1030 2847 fecimus
1050 2806 1218 2860 apponi.

319 2896 485 2938 Datum
506 2896 551 2937 in
571 2896 733 2951 palacio
754 2898 896 2938 nostro
918 2897 971 2938 de
993 2896 1213 2938 LANDAFF
1235 2898 1397 2939 decimo
1418 2897 1486 2939 die
1507 2897 1663 2939 mensis
1682 2897 1712 2940 J
1715 2897 1792 2939 ulii
1819 2897 2083 2953 presentibus
2103 2902 2205 2939 tunc

259 2987 419 3030 ibidem
441 2986 618 3028 testibus
639 2985 882 3041 subscriptis
899 3020 908 3028 .
928 2987 1084 3029 DAvm
1106 2987 1375 3030 MATHEWE.
1394 2987 1638 3029 LUDovv1co
1659 2987 1905 3029 MATHEWE
1928 3020 1936 3028 .
1955 2988 2175 3044 armigeris
2192 3021 2200 3030 .
