2386 3645
1940 306 2047 348 1481

228 521 326 564 Seal
345 521 392 563 in
411 521 487 562 red
506 535 614 571 wax,
636 517 764 560 much
783 517 958 569 broken,
980 516 1026 558 of
1055 531 1080 558 a
1104 515 1280 572 pointed
1310 514 1404 556 oval
1431 513 1553 564 form,
1574 512 1702 555 about
1724 514 1779 568 2⁴}—
1798 513 1859 569 by
1881 514 1935 568 1}
1955 513 2111 555 inches.

169 612 341 663 Device,
362 611 436 653 the
455 614 558 652 west
578 609 697 652 frent
717 608 762 651 of
791 623 816 650 a
837 607 1066 659 cathedral,
1087 606 1194 648 with
1221 604 1346 661 gable
1367 605 1453 646 and
1482 603 1633 645 lateral
1661 606 1811 645 towers
1841 605 1924 646 and
1956 604 2110 659 spires;

169 701 328 745 behind
348 700 422 743 the
442 699 567 756 gable
588 700 624 742 is
644 714 669 741 a
689 698 850 741 central
869 701 1000 739 tower
1020 697 1106 738 and
1127 695 1249 751 spire.

228 792 350 829 Bishop
368 791 456 820 John
472 791 502 819 la
518 790 653 827 Zouche,
675 789 747 819 who
768 797 905 827 appears
926 788 1008 817 from
1029 787 1085 816 the
1107 788 1209 816 above
1231 789 1264 815 to
1285 786 1368 814 have
1388 785 1469 814 been
1491 783 1698 813 consecrated
1721 783 1753 811 in
1777 783 1861 820 1407,
1883 784 2025 813 received
2049 784 2102 813 the

176 847 409 886 temporalities
424 847 480 876 7th
495 847 516 875 J
520 855 591 879 une,
607 846 692 883 1408,
708 846 771 874 and
787 845 858 874 died
875 845 976 873 about
990 844 1094 882 April,
1112 844 1196 872 1423.

1061 1076 1236 1121 MGXI.

170 1186 550 1236 QUIT-GLAJM
608 1185 696 1228 BY
755 1185 1060 1229 JOHANNA
1130 1187 1264 1229 AND
1324 1188 1531 1242 ELSOT,
1592 1187 1979 1232 DAUGHTERS
2041 1187 2118 1230 OF

315 1279 519 1335 DAVID
566 1278 740 1322 GOGH
784 1277 861 1320 OF
906 1277 1327 1332 WERNHALOO,
1364 1280 1440 1323 TO
1482 1280 1686 1324 DAVID
1728 1280 1810 1323 ΑΡ
1853 1279 2120 1322 ΗΟΡΚῩΝ

315 1371 397 1414 ΑΡ
450 1369 759 1413 GRIFFITH
802 1368 1063 1421 GETHIN,
1115 1370 1193 1412 OF
1242 1370 1417 1414 LAND
1468 1372 1551 1415 AT
1601 1370 2022 1416 WERNHALOG.

760 1478 991 1535 [MARGAM
1024 1478 1245 1521 CHARTER
1275 1481 1360 1523 No.
1393 1481 1515 1538 406.]

1355 1590 1379 1630 3
1411 1589 1544 1632 JULY.
1606 1591 1631 1631 5
1663 1589 1788 1631 Hm.
1820 1588 1876 1632 V.
1941 1590 2064 1631 1417.

230 1695 455 1738 Universis
487 1694 675 1737 CHmsTI
701 1694 898 1737 fidelibus
927 1710 1098 1751 presens
1129 1696 1330 1751 scriptum
1361 1712 1399 1738 v.
1433 1697 1500 1738 vel
1531 1712 1569 1739 a.
1604 1698 1615 1721 ¹
1660 1697 1774 1752 quod
1801 1711 1877 1738 nos
1903 1695 1932 1738 J
1935 1710 2124 1737 OHANNA

175 1786 324 1830 Goen’
346 1791 388 1829 et
408 1786 566 1828 ELsor'
590 1785 738 1828 Goan’
761 1785 847 1827 filie
868 1789 911 1827 et
930 1785 1104 1828 heredes
1124 1786 1280 1828 DAvrn
1303 1786 1450 1829 GOGH'
1473 1788 1525 1829 de
1557 1786 1857 1829 WERNHALOC
1885 1787 2124 1829 remisimus

172 1881 215 1921 et
243 1877 527 1920 relaxavimus
558 1879 600 1919 et
631 1876 804 1919 omnino
834 1891 911 1932 pro
941 1876 1061 1919 nobis
1092 1881 1133 1919 et
1164 1878 1389 1920 heredibus
1418 1879 1573 1921 nostris
1603 1881 1644 1920 et
1675 1878 1900 1934 assignatis
1931 1878 2124 1933 quietum

173 1968 450 2011 clamavimus
469 1967 785 2023 imperpetuum
811 1967 961 2009 DAVID
982 1982 1035 2023 ap
1059 1968 1262 2010 HOPKYN
1283 1984 1336 2023 ap
1370 1968 1598 2011 GRIFFITH
1621 1968 1806 2011 Grmmx
1828 1969 1971 2010 omnia
1991 1971 2124 2010 terras

173 2066 215 2101 et
243 2061 489 2101 tenementa
518 2061 662 2100 nostra
692 2059 806 2113 apud
838 2057 1138 2100 WERNHALOC
1168 2074 1249 2114 que
1279 2060 1495 2114 quondam
1515 2060 1692 2102 fuerunt
1713 2059 1949 2102 STEPHANI
1973 2059 2121 2102 Gosn’

173 2150 305 2206 patris
325 2149 503 2205 predicti
523 2149 680 2191 DAvm
703 2148 851 2192 Goen’
873 2149 1060 2205 jacentia
1080 2149 1191 2191 inter
1212 2156 1343 2192 terras
1363 2151 1465 2192 EvE
1498 2150 1645 2193 GOGH’
1678 2154 1721 2192 et
1756 2151 1972 2192 MARIETE
2005 2149 2121 2192 Gron’

174 2257 226 2284 ex
246 2243 366 2297 parte
388 2240 637 2283 occidentali
657 2243 700 2282 et
720 2240 896 2282 australi
917 2244 959 2282 et
990 2256 1211 2283 commune
1244 2241 1467 2283 mariscum
1498 2257 1551 2283 ex
1580 2245 1698 2298 parte
1729 2241 1888 2284 boreali
1919 2244 1961 2283 et
1991 2248 2123 2283 terras

174 2333 302 2375 ISOTE
324 2331 514 2374 THOMAS
536 2347 588 2373 ex
608 2334 728 2386 parte
750 2332 957 2374 orientali.
1020 2331 1286 2374 Habendum
1306 2336 1348 2374 et
1368 2333 1602 2375 tenendum
1624 2333 1767 2374 omnia
1786 2333 1976 2388 predicta
1989 2336 2121 2374 terras

172 2428 214 2466 et
243 2426 487 2466 tenementa
518 2437 613 2464 cum
644 2423 730 2465 suis
759 2422 1027 2478 pertinentiis
1056 2423 1243 2478 predicto
1274 2422 1429 2465 DAVID
1458 2423 1683 2466 heredibus
1713 2426 1756 2465 et
1779 2423 2006 2479 assignatis
2036 2423 2120 2464 suis

172 2514 302 2557 libere
336 2514 478 2570 quiete
507 2513 615 2556 bene
645 2517 688 2555 et
719 2513 764 2554 in
797 2528 896 2569 pace
926 2513 1022 2569 jure
1051 2512 1306 2555 hereditario
1336 2514 1651 2570 imperpetuum
1681 2515 1733 2555 <le
1755 2514 1926 2569 capitali
1947 2513 2119 2556 domino

171 2606 287 2648 feodi
306 2605 422 2646 illius
442 2619 517 2660 per
535 2604 727 2646 redditus
748 2607 790 2646 et
811 2604 985 2645 servicia
1006 2605 1106 2645 inde
1127 2603 1270 2646 debita
1290 2608 1333 2646 et
1353 2605 1405 2646 de
1425 2604 1520 2660 jure
1552 2608 1761 2647 consueta.
1824 2604 1884 2646 Et
1914 2620 1990 2645 nos
2020 2619 2118 2646 vero

175 2695 360 2751 predicte
380 2694 410 2738 J
412 2709 601 2737 OHANNA
622 2698 662 2736 et
683 2693 842 2736 ELSOT'
865 2699 907 2736 et
928 2694 1101 2736 heredes
1122 2695 1255 2736 nostri
1276 2694 1418 2737 omnia
1443 2696 1632 2750 predicta
1653 2698 1784 2736 terras
1805 2698 1846 2736 et
1875 2697 2120 2736 tenementa

173 2801 270 2829 cum
290 2785 376 2828 suis
395 2784 667 2841 pertinenciis
686 2785 874 2840 predicto
899 2784 1099 2841 [DAVID]
1123 2785 1349 2828 heredibus
1369 2788 1412 2827 et
1439 2785 1664 2841 assignatis
1685 2785 1770 2827 suis
1800 2789 1945 2827 contra
1975 2799 2120 2826 omnes

173 2876 366 2920 homines
380 2874 749 2917 warantizabimus
767 2873 851 2931 [et]
868 2875 914 2917 in
929 2878 1183 2930 perpetuum
1199 2876 1487 2918 defendemus.
1548 2875 1605 2917 In
1621 2875 1689 2931 cuj
1694 2891 1743 2917 us
1755 2875 1816 2916 rei
1828 2875 2119 2917 testimonium

174 2968 274 3010 huic
285 2967 471 3023 presenti
488 2964 686 3022 [scripto]
706 2966 848 3022 sigilla
864 2970 1007 3008 nostra
1023 2967 1306 3022 apposuimus.
1366 2966 1470 3008 Hiis
1490 2965 1668 3008 testibus
1686 2999 1694 3008 .
1714 2965 1885 3008 domino
1900 2965 1930 3007 J
1932 2980 2119 3007 οΗΑΝΝΕ

167 3058 314 3101 Smin·
343 3057 374 3100 J
376 3058 485 3099 OHN’
507 3056 645 3099 milite
677 3089 686 3098 .
718 3059 822 3113 tuno
851 3056 1076 3099 senescallo
1109 3056 1342 3099 GOIHERIE
1376 3091 1384 3098 .
1419 3056 1655 3099 GALFRIDO
1684 3054 1925 3098 DALYNGR'
1955 3055 2120 3098 hedeno

374 3199 444 3232 8L
