2386 3645
263 272 375 316 1420

320 479 611 523 Concessimus
630 480 760 523 etiam
778 495 855 537 pro
870 480 992 524 nobis
1012 484 1054 524 et
1073 480 1298 525 heredibus
1318 481 1472 524 nostris
1493 482 1607 537 quod
1628 480 1808 537 predicti
1823 479 2055 537 burgenses
2074 481 2209 524 nostri

263 573 471 614 eteorum
492 586 742 615 successores
762 573 953 615 decetero
979 571 1103 615 liberi
1132 572 1218 615 sint
1244 575 1288 615 et
1315 571 1448 628 quieti
1476 587 1550 628 per
1578 575 1718 614 totum
1748 571 1986 614 dominium
2017 574 2210 614 nostrum

263 662 316 705 de
335 661 505 706 NEETH
525 662 750 719 utrobique
781 663 834 706 de
863 663 1035 706 redditu
1064 663 1353 706 advocationis
1382 663 1429 706 in
1459 665 1714 719 perpetuum
1745 665 1788 706 et
1819 663 1934 718 quod
1964 676 2109 705 omnes
2136 662 2211 704 alii

264 755 458 797 tenentes
477 754 611 797 nostri
631 755 684 797 de
705 755 852 797 eadem
873 754 976 796 villa
995 757 1140 797 nostra
1159 753 1346 798 habeant
1366 753 1621 797 libertatem.

323 845 535 889 Volumus
554 846 728 901 insuper
748 847 790 888 et
811 845 1078 888 concedimus
1098 859 1174 900 pro
1195 844 1317 888 nobis
1337 848 1380 888 et
1399 844 1627 888 heredibus
1645 844 1800 888 nostris
1820 845 1935 901 quod
1947 845 2000 887 de
2016 843 2213 887 omnibus

263 935 571 978 merchandizis
590 935 714 979 factis
735 936 780 978 in
800 936 939 992 patria
959 937 1012 978 de
1032 935 1200 978 ΝΕΕΤΗ
1220 938 1310 978 tam
1332 934 1474 978 CITRA
1495 950 1624 992 quam
1655 935 1820 978 ULTRA
1853 935 1969 978 unde
1999 934 2213 978 tolnetum

263 1026 456 1070 debitum
487 1027 541 1070 sit
577 1028 691 1083 quod
722 1029 812 1070 tam
847 1030 1057 1083 emptores
1091 1041 1221 1082 quam
1261 1027 1502 1069 venditores
1542 1027 1718 1069 veniant
1754 1027 1810 1069 ad
1849 1027 2030 1069 eandem
2064 1026 2212 1068 villam

260 1120 451 1161 nostram
470 1119 526 1161 ad
545 1119 871 1161 monstrandum
891 1121 932 1160 et
963 1118 1212 1160 solvendum
1242 1117 1364 1160 nobis
1391 1120 1433 1160 et
1465 1117 1692 1160 heredibus
1716 1118 1871 1160 nostris
1901 1119 2015 1174 quod
2044 1117 2212 1174 justum

262 1208 394 1252 fuerit
431 1224 508 1266 pro
549 1209 856 1252 merchandizis
911 1209 998 1251 suis
1037 1209 1270 1251 secundum
1311 1208 1510 1264 antiquas
1550 1209 1876 1251 consuetudines
1913 1208 2042 1265 burgi
2081 1209 2214 1251 nostri

262 1300 454 1357 predicti.
516 1299 588 1342 Ita
607 1302 752 1342 tamen
773 1301 886 1355 quod
906 1299 1146 1356 prepositus
1171 1298 1300 1355 burgi
1329 1299 1464 1342 nostri
1494 1299 1675 1355 predicti
1702 1313 1776 1342 seu
1803 1299 2014 1342 firmarius
2040 1298 2214 1355 pyxidis

261 1391 456 1448 ejusdem
490 1391 591 1434 ville
623 1395 766 1434 nostre
801 1390 875 1447 qui
907 1405 983 1446 pro
1018 1393 1207 1446 tempore
1243 1390 1374 1433 fuerit
1407 1390 1536 1432 finem
1572 1404 1659 1432 non
1695 1389 1834 1446 capiat
1869 1391 1922 1433 de
1954 1389 2214 1446 emptoribus

260 1497 335 1525 seu
355 1481 647 1525 venditoribus
666 1481 1061 1525 merchandizarum
1082 1481 1370 1537 predictarum
1402 1484 1502 1524 ante
1533 1481 1795 1537 emptionem
1819 1481 1888 1523 vel
1921 1480 2214 1524 venditionem

260 1574 508 1617 earundem.

319 1663 609 1708 Concessimus
640 1665 770 1707 etiam
804 1664 970 1721 prefato
1002 1663 1287 1721 burgensibus
1321 1664 1477 1707 nostris
1511 1667 1555 1707 et
1587 1679 1733 1707 eorum
1766 1663 2069 1706 successoribus
2101 1664 2215 1720 quod

258 1756 448 1798 decetero
471 1755 617 1797 nullus
638 1754 910 1799 WALLENSIS
931 1770 1008 1798 nec
1029 1755 1183 1811 aliquis
1205 1755 1316 1798 alius
1336 1755 1525 1811 aliquam
1559 1754 1801 1798 libertatem
1834 1754 2022 1798 habeant
2050 1754 2215 1798 ratione

258 1846 441 1903 alicujus
475 1846 678 1903 burg-agii
707 1846 754 1889 in
781 1845 919 1904 burgo
952 1849 1095 1889 nostro
1122 1846 1311 1902 predicto
1338 1846 1421 1889 nisi
1448 1846 1580 1889 fuerit
1612 1845 1772 1889 ibidem
1802 1846 1989 1889 residens
2017 1845 2215 1888 videlicet

257 1938 534 1995 potwallinge
571 1941 614 1980 et
648 1953 745 1981 cum
777 1938 837 1981 eis
876 1939 1016 1981 lotans
1056 1941 1099 1980 et
1140 1940 1305 1981 scotans
1345 1940 1387 1980 et
1426 1938 1541 1980 infra
1582 1938 1777 1994 guildam
1817 1937 2028 1980 libertatis
2068 1952 2214 1980 eorum

258 2032 464 2085 receptus.
526 2028 710 2085 Insuper
734 2029 930 2072 volumus
960 2033 1003 2072 et
1033 2029 1302 2072 concedimus
1333 2044 1409 2085 pro
1439 2028 1561 2071 nobis
1590 2031 1632 2071 et
1662 2027 1889 2071 heredibus
1918 2027 2073 2071 nostris
2099 2028 2215 2084 quod

260 2119 391 2163 iidem
428 2119 657 2176 burgenses
687 2120 822 2163 nostri
854 2123 897 2163 et
929 2134 1076 2163 eorum
1106 2135 1359 2163 successores
1390 2119 1578 2163 habeant
1608 2121 1778 2162 easdem
1809 2122 1946 2162 metas
1977 2121 2020 2162 et
2050 2118 2217 2162 bundas

259 2210 508 2254 libertatum
546 2211 648 2254 ville
686 2215 829 2254 nostre
869 2212 1057 2268 predicte
1097 2227 1202 2268 quas
1241 2211 1398 2254 habere
1439 2210 1633 2254 solebant
1673 2214 1863 2267 tempore
1903 2212 2215 2253 antecessorum

262 2305 504 2345 nostrorum
527 2337 535 2344 .
559 2306 601 2345 et
622 2303 736 2358 quod
757 2303 902 2345 nullus
931 2302 1115 2346 ballivus
1142 2318 1216 2346 seu
1243 2302 1438 2345 minister
1470 2304 1613 2345 noster
1645 2302 1712 2344 vel
1743 2301 1950 2345 heredum
1975 2305 2217 2345 nostrorum

263 2394 399 2438 colore
430 2393 586 2437 ballive
615 2409 689 2436 sue
720 2394 1070 2438 summonitiones
1100 2409 1175 2438 seu
1209 2394 1591 2437 attachiamentum
1628 2393 1757 2436 faciet
1792 2408 1870 2436 nec
1903 2392 2018 2436 infra
2049 2392 2217 2436 bundas

262 2485 474 2542 predictas
509 2484 819 2528 districtionem
851 2485 988 2542 capiet
1023 2485 1106 2529 nisi
1157 2485 1494 2528 constabularius
1534 2485 1669 2527 nostri
1709 2484 1834 2527 castri
1873 2485 1926 2527 de
1965 2483 2135 2527 ΝΕΕΤΗ
2175 2486 2218 2526 et

264 2574 448 2619 ballivus
468 2575 661 2632 ejusdem
681 2575 782 2618 ville
803 2576 876 2632 qui
897 2591 972 2632 per
991 2576 1104 2633 ipsos
1123 2576 1356 2633 burgenses
1378 2576 1501 2619 electi
1520 2575 1695 2618 fuerint.

325 2666 616 2710 Concessimus
635 2681 734 2710 vero
754 2667 957 2723 predictis
976 2667 1259 2724 burgensibus
1289 2671 1331 2710 et
1360 2682 1508 2710 eorum
1539 2665 1841 2710 successoribus
1865 2666 1980 2722 quod
2013 2665 2048 2708 si
2074 2665 2218 2721 aliqua

267 2758 389 2801 navis
408 2758 476 2801 vel
496 2757 646 2800 batilla
666 2758 810 2801 veniat
830 2760 885 2802 ad
904 2762 1076 2815 portum
1097 2774 1206 2815 aque
1226 2760 1279 2802 de
1299 2759 1468 2802 NEETH
1490 2757 1605 2801 infra
1626 2758 1922 2800 BLACKSTONE
1943 2756 2058 2813 quod
2078 2758 2141 2799 est
2170 2756 2217 2799 in

267 2852 387 2906 parte
427 2849 678 2892 occidentali
713 2850 766 2892 de
800 2850 1005 2893 BRITToN
1046 2851 1101 2893 ad
1140 2850 1330 2906 aliquam
1371 2849 1713 2893 merchandizam
1747 2849 1970 2891 emendam
2010 2847 2078 2890 vel
2116 2862 2217 2890 ven-

269 2941 466 2992 dendam,
488 2941 603 2996 quod
622 2941 773 2983 eadem
792 2941 914 2984 navis
943 2941 1012 2984 vel
1038 2940 1189 2984 batilla
1216 2941 1353 2998 primo
1386 2940 1530 2984 veniat
1563 2941 1619 2982 ad
1651 2942 1822 2996 portum
1857 2938 1959 2981 ville
1990 2941 2133 2982 nostre
2164 2939 2217 2981 de

270 3031 438 3075 Nmzm
474 3034 516 3074 et
546 3034 776 3088 antequam
805 3031 970 3089 aliquid
999 3033 1055 3076 sit
1084 3033 1309 3076 venditum
1337 3033 1438 3075 inde
1470 3047 1545 3075 seu
1568 3034 1781 3074 remotum
1808 3030 1884 3073 fiat
1914 3029 2219 3072 demonstratio
