2386 3645
282 307 392 348 1388

220 513 321 555 satis
350 514 485 569 liquet
515 528 750 571 cognomen
780 529 905 557 suum
935 530 1008 570 per
1039 516 1277 558 discensum
1307 516 1353 558 in
1383 517 1627 559 narracione
1657 531 1733 558 sua
1762 520 2011 559 contentum
2043 518 2157 559 unde

219 603 327 658 petit
375 603 585 660 judicium
635 605 670 647 si
721 605 910 647 narracio
950 620 1025 648 sua
1064 606 1252 661 predicta
1291 621 1366 661 per
1404 606 1697 662 excepcionem
1737 607 1970 662 predictam
2009 607 2160 650 cassari

217 693 382 746 debeat,
409 700 487 739 etc.
565 696 625 739 Et
655 711 780 752 super
810 696 888 755 hoc
917 697 1080 739 dictum
1110 701 1172 739 est
1203 697 1390 753 predicto
1419 697 1450 740 J
1452 711 1628 740 onANNI
1661 712 1735 753 per
1759 697 2016 753 justiciarios
2046 698 2160 753 quod

213 786 392 829 ulterius
430 789 680 844 respondeat
730 789 765 830 si
804 788 971 831 sciverit
1012 803 1097 831 non
1147 788 1340 831 obstante
1380 789 1622 845 calumpnia
1661 788 1864 845 predicta.
1944 789 2004 831 Et
2044 789 2158 831 idem

212 875 244 919 J
245 891 455 920 OHANNES
476 879 669 922 defendit
699 879 770 935 jus
790 894 913 921 suum
943 880 1126 934 quando,
1157 883 1234 921 etc.
1295 879 1357 922 Et
1376 880 1480 922 dicit
1509 881 1623 935 quod
1652 895 1749 922 cum
1778 879 1993 936 predictus
2022 894 2160 922 comes

212 967 344 1011 nichil
373 969 488 1012 aliud
520 972 638 1025 petat
668 985 811 1013 versus
840 984 939 1012 eum
969 985 1043 1026 per
1074 969 1196 1012 breve
1227 985 1351 1012 suum
1381 970 1464 1012 nisi
1494 970 1682 1026 predicta
1711 974 1896 1013 castrum
1925 973 1967 1012 et
1998 975 2154 1013 terram

209 1061 380 1102 tantum
400 1064 442 1103 et
462 1060 507 1103 in
529 1061 773 1104 narracione
794 1075 870 1103 sua
890 1060 1090 1116 supponit
1118 1061 1356 1116 predictum
1376 1060 1674 1104 WILLELMUM
1706 1065 2009 1104 antecessorem
2030 1076 2154 1104 suum

209 1151 261 1192 de
289 1150 408 1206 cujus
435 1151 599 1203 seisina,
631 1155 723 1203 etc.‚
755 1151 911 1207 cepisse
940 1151 1040 1192 inde
1070 1151 1291 1206 expleciaS‚
1322 1154 1415 1202 etc.‚
1444 1152 1638 1194 videlicet
1667 1152 1712 1194 in
1744 1152 1997 1195 allocacione
2027 1152 2153 1194 castri

208 1243 250 1282 et
278 1241 324 1283 in
355 1241 565 1298 homagiis
594 1242 829 1285 redditibus
860 1245 902 1284 et
933 1242 1156 1298 arreragiis
1185 1242 1432 1284 reddituum
1459 1242 1575 1285 bladi
1606 1242 1812 1299 herbagii,
1840 1247 1933 1295 etc.‚
1964 1243 2038 1286 ille
2068 1246 2150 1286 ter-

203 1331 345 1375 minus
376 1333 570 1376 videlicet
599 1334 644 1376 in
675 1334 927 1375 allocacione
958 1332 1095 1384 castri,
1128 1337 1220 1385 etc.‚
1254 1333 1470 1376 solomodo
1500 1333 1685 1376 deseruit
1715 1336 1758 1375 et
1789 1335 2064 1388 corespondet
2093 1335 2149 1376 ad

203 1423 458 1466 demandam
486 1424 622 1466 castri.
697 1424 756 1466 Et
780 1424 853 1466 ille
883 1424 1090 1466 terminus
1119 1428 1169 1466 ut
1201 1423 1246 1466 in
1279 1423 1416 1466 bladis
1450 1427 1493 1466 et
1520 1423 1747 1480 herbagiis,
1776 1427 1870 1476 etc.‚
1898 1425 2084 1466 deseruit
2109 1428 2152 1466 et

201 1515 473 1568 corespondet
495 1515 549 1557 ad
569 1516 824 1557 demandam
845 1518 968 1566 terre,
990 1518 1082 1566 etc.‚
1104 1530 1179 1571 per
1200 1516 1314 1571 quod
1333 1515 1551 1557 residuum
1572 1518 1822 1558 contentum
1841 1515 1887 1557 in
1903 1515 2149 1557 narracione

198 1604 396 1646 videlicet
428 1605 481 1647 de
513 1605 708 1660 capcione
736 1605 1021 1661 expleciarum
1046 1608 1096 1647 ut
1124 1605 1170 1647 in
1195 1605 1407 1661 homagiis
1441 1604 1679 1647 redditibus
1711 1609 1754 1648 et
1790 1605 2014 1661 arreragiis
2053 1606 2147 1648 red-

197 1694 367 1737 dituum
394 1710 480 1738 non
509 1696 809 1738 warantizatur
838 1710 915 1738 neo
941 1696 1195 1738 relacionem
1222 1695 1350 1739 habet
1378 1696 1433 1738 ad
1457 1696 1712 1738 demandam
1742 1696 1976 1752 predictam
2004 1711 2148 1739 versus

196 1799 294 1827 eum
314 1785 472 1828 factam
493 1786 690 1828 videlicet
711 1801 787 1829 nec
807 1787 862 1829 ad
892 1789 1077 1829 castrum
1107 1801 1184 1829 nec
1208 1787 1263 1829 ad
1290 1789 1460 1839 terram,
1493 1791 1571 1829 etc.
1633 1786 1766 1829 Unde
1796 1787 1904 1842 petit
1931 1786 2143 1842 judicium

196 1876 249 1918 de
284 1876 422 1919 forma
451 1877 710 1920 narracionis
744 1878 944 1933 predicte,
974 1881 1051 1920 etc.
1113 1878 1174 1921 Et
1208 1893 1344 1921 comes
1380 1877 1483 1920 dicit
1516 1879 1630 1933 quod
1662 1880 1774 1919 terra
1809 1878 1861 1919 de
1899 1876 2071 1920 Gowna
2104 1880 2147 1920 et

195 1968 379 2009 castrum
413 1967 651 2023 predictum
679 1970 742 2010 est
778 1971 820 2010 et
848 1971 948 2010 sunt
978 1969 1193 2024 quoddam
1226 1983 1434 2025 magnum
1469 1968 1707 2011 dominium
1742 1967 1908 2010 diversa
1947 1967 2148 2024 homagia

195 2058 387 2101 redditus
407 2058 581 2100 servicia
600 2060 734 2101 terras
753 2062 998 2102 tenementa
1018 2059 1236 2102 libertates
1256 2062 1298 2101 et
1319 2059 1403 2101 alia
1423 2074 1551 2114 quam
1572 2059 1757 2114 plurima
1776 2059 1823 2101 in
1851 2073 1893 2101 se
1925 2058 2147 2102 continens

197 2151 239 2191 et
262 2151 434 2191 vocatur
456 2148 766 2192 GOWERSLOND
787 2153 830 2192 et
858 2152 1041 2193 castrum
1058 2151 1111 2193 de
1126 2149 1405 2193 SWEYNESEY
1417 2165 1492 2206 per
1512 2150 1624 2206 quod
1641 2150 1846 2206 alligatur
1863 2149 2072 2206 explecias
2093 2150 2145 2192 de

197 2237 409 2295 homagiis
428 2238 664 2282 redditibus
684 2243 727 2282 et
747 2241 970 2297 arreragiis
990 2241 1237 2284 reddituum
1257 2241 1512 2284 sufficienter
1534 2240 1830 2283 warantizatas
1850 2241 1903 2283 de
1934 2241 2148 2283 demanda

199 2329 399 2385 predicta.
462 2329 522 2372 Et
555 2331 612 2372 sic
641 2331 745 2373 dicit
775 2332 888 2387 quod
916 2332 1107 2375 narracio
1139 2347 1216 2374 sua
1240 2331 1431 2374 formalis
1459 2334 1501 2374 et
1528 2331 1737 2374 sufficiens
1771 2335 1833 2374 est
1861 2331 1907 2373 in
1938 2331 2016 2374 hoc
2047 2346 2147 2374 casu

197 2422 241 2462 et
261 2434 309 2462 eo
329 2435 415 2463 non
437 2420 630 2464 obstante
651 2422 813 2464 dictum
834 2426 897 2465 est
916 2423 1083 2478 prefato
1103 2423 1132 2466 J
1135 2437 1312 2465 OHANNI
1334 2423 1448 2478 quod
1478 2422 1657 2465 ulterius
1686 2422 1939 2477 respondeat
1970 2421 2018 2472 si,
2050 2425 2144 2473 etc.‚

197 2525 285 2553 non
306 2510 500 2554 obstante
520 2512 664 2568 aliqua
684 2513 926 2570 calumpnia
947 2514 1147 2570 predicta.
1210 2513 1269 2556 Et
1291 2514 1405 2556 idem
1434 2512 1464 2556 J
1467 2527 1676 2555 OHANNES
1704 2513 1895 2556 defendit
1922 2512 1993 2568 jus
2021 2527 2147 2555 suum

197 2602 382 2656 quando,
405 2605 480 2644 etc.
543 2602 605 2645 Et
625 2602 729 2645 dicit
749 2605 864 2659 quod
884 2604 929 2646 in
961 2604 1151 2660 quolibet
1181 2603 1299 2647 brevi
1325 2605 1377 2646 de
1408 2603 1575 2660 precipe
1606 2604 1721 2659 quod
1749 2604 1901 2646 reddat
1931 2602 2005 2646 ubi
2036 2607 2148 2646 terre

197 2705 271 2734 seu
299 2694 542 2735 tenementa
572 2708 716 2736 versus
743 2694 928 2750 aliquem
962 2698 1062 2738 sunt
1096 2696 1281 2751 petenda
1315 2694 1547 2750 requiritur
1579 2694 1859 2737 necessarium
1894 2708 1969 2750 per
2004 2694 2145 2751 legem

197 2782 381 2825 ANGLOE
403 2797 566 2839 semper
587 2783 640 2826 ab
661 2785 838 2841 antiquo
858 2785 1061 2829 usitatam
1082 2787 1196 2842 quod
1216 2786 1428 2828 demanda
1448 2785 1493 2827 in
1527 2784 1644 2828 brevi
1674 2785 1750 2827 fiat
1779 2785 1825 2826 in
1858 2788 1971 2827 certo
2000 2788 2043 2827 et
2070 2800 2145 2840 per

198 2875 356 2915 certam
377 2874 663 2929 quantitatem
683 2875 880 2919 videlicet
899 2891 974 2933 per
991 2891 1146 2919 nomen
1166 2876 1346 2919 manerii
1367 2890 1440 2918 seu
1459 2875 1746 2918 maneriorum
1776 2876 1844 2917 vel
1874 2890 1950 2931 per
1981 2878 2142 2918 certum

195 2979 422 3007 numerum
443 2969 734 3009 carucatarum
753 2966 1004 3010 bovatarum
1026 2968 1288 3024 virgatarum
1311 2981 1385 3009 seu
1405 2981 1596 3009 acrarum
1618 2969 1727 3008 terre
1765 2998 1774 3007 .
1812 2966 1874 3008 ita
1902 2966 2016 3021 quod
2048 2980 2144 3021 pars

196 3057 346 3097 tenens
361 3055 526 3110 justum
556 3057 687 3112 possit
713 3058 759 3101 in
789 3061 902 3101 certo
930 3059 985 3101 ad
1013 3059 1127 3114 quod
1156 3059 1407 3114 respondere
1439 3056 1603 3100 debeat.
1666 3056 1727 3099 Et
1762 3057 1977 3113 predictus
2009 3071 2146 3100 comes
