2386 3645
362 280 473 321 1568

305 490 348 529 et
387 486 416 530 J
419 501 606 528 οΗΑΝΝΕ
656 485 867 542 legittime
918 485 1145 540 procreatis
1197 486 1250 526 de
1291 485 1383 540 ipso
1415 500 1552 540 nuper
1600 483 1721 540 Rege
1769 484 2004 526 EDWARDO
2048 489 2092 527 et
2131 485 2249 528 here-

303 577 427 620 dibus
486 577 571 619 suis
629 592 704 633 per
764 577 985 619 servicium
1048 579 1147 618 ante
1194 575 1482 618 reddicionem
1531 576 1765 630 predictam
1815 575 1915 617 inde
1970 575 2163 618 debitum
2210 580 2253 618 et

302 673 550 711 consuetum
571 669 886 724 imperpetuum
903 669 1008 710 adeo
1027 668 1194 723 integre
1211 667 1353 722 quiete
1365 666 1495 709 libere
1515 669 1558 708 et
1574 666 1800 708 honorifice
1814 666 1860 707 in
1873 666 2070 709 omnibus
2083 666 2250 722 juribus

302 759 598 815 regalitatibus
618 758 846 801 honoribus
862 759 1062 800 dominiis
1079 757 1348 800 libertatibus
1363 757 1506 800 liberis
1522 756 1898 799 consuetudinibus
1914 756 2049 799 feodis
2063 758 2252 800 militum

301 850 647 893 advocationibus
679 851 901 893 domorum
932 849 1228 904 religiosarum
1270 852 1313 890 et
1348 848 1616 890 ecclesiarum
1656 851 1698 889 et
1748 847 1944 890 omnibus
1987 849 2255 903 pertinentiis

301 943 597 997 quoquomodo
617 942 673 983 ad
693 941 881 996 predicta
902 944 1039 983 castra
1059 943 1192 982 terras
1212 944 1255 981 et
1270 942 1516 981 tenementa
1535 938 1847 994 pertinentibus
1867 942 1916 981 ut
1935 940 2174 994 predictum
2190 943 2254 982 est

300 1034 409 1076 sicut
431 1034 546 1075 idem
566 1048 702 1088 nuper
722 1046 859 1074 comes
890 1032 1033 1074 omnia
1063 1031 1252 1086 predicta
1285 1031 1426 1072 tenuit
1452 1030 1520 1072 die
1549 1045 1632 1085 quo
1658 1045 1706 1071 ea
1733 1030 1779 1071 in
1812 1045 1945 1072 manu
1980 1030 2084 1072 dicti
2118 1046 2254 1086 nuper

299 1124 434 1180 Regis
470 1123 697 1165 EDWARDI
724 1122 910 1165 reddidit
939 1123 993 1164 ad
1022 1122 1287 1163 voluntatem
1323 1135 1443 1162 suam
1468 1121 1568 1162 inde
1594 1120 1835 1162 faciendam
1861 1121 1949 1163 sine
1983 1121 2071 1163 ullo
2099 1122 2253 1163 retine-

298 1219 442 1257 mento
462 1218 591 1270 prout
611 1230 685 1270 per
705 1215 913 1270 predictas
934 1213 1098 1254 litteras
1121 1215 1316 1267 patentes
1336 1210 1515 1267 prefatis
1534 1211 1690 1267 juratis
1712 1227 1838 1267 super
1859 1212 2100 1268 capcionem
2132 1213 2255 1256 istius

299 1305 588 1361 inquisitionis
608 1305 654 1346 in
683 1305 900 1347 evidencia
921 1306 1176 1346 monstratas
1196 1303 1363 1359 plenius
1384 1302 1540 1358 poterit
1568 1317 1783 1358 apparere,
1813 1318 1895 1358 que
1920 1304 2093 1358 quidem
2121 1307 2257 1346 castra

300 1397 489 1439 dominia
522 1398 711 1439 maneria
751 1401 861 1438 terre
901 1398 942 1437 et
985 1398 1228 1436 tenementa
1259 1394 1386 1437 feoda
1421 1395 1719 1437 advocationes
1752 1397 1794 1436 et
1825 1394 1910 1436 alia
1936 1394 2140 1450 premissa
2172 1410 2254 1451 que

296 1488 463 1544 prefata
498 1487 721 1530 ISABELLA
755 1487 812 1529 sic
846 1486 986 1528 tenuit
1016 1486 1061 1527 in
1082 1486 1208 1527 feodo
1229 1485 1396 1528 talliato
1417 1489 1518 1528 sunt
1538 1485 1719 1541 parcelle
1740 1489 1952 1527 terrarum
1973 1489 2016 1527 et
2036 1488 2252 1528 tenemen-

298 1581 440 1621 torum
462 1594 543 1634 que
563 1579 609 1620 in
630 1579 755 1620 dictis
776 1577 930 1619 litteris
950 1576 1196 1632 patentibus
1217 1577 1511 1631 specificantur
1532 1580 1573 1618 et
1605 1579 1705 1618 sunt
1734 1576 1780 1618 in
1812 1576 2037 1618 MARcmA
2059 1576 2256 1619 WALLIE

299 1670 412 1712 dicto
443 1670 662 1712 comitatui
699 1668 1009 1712 GLOUCESTRIE
1046 1667 1281 1723 adjacente.
1344 1667 1404 1710 Et
1435 1667 1583 1710 dicunt
1614 1668 1727 1723 quod
1747 1671 1948 1724 pretextu
1968 1668 2254 1724 predictarum

296 1761 536 1803 litterarum
570 1760 810 1816 patentium
846 1758 1002 1814 prefati
1035 1774 1172 1813 nuper
1206 1757 1340 1814 Regis
1371 1757 1597 1800 EDWARDI
1631 1758 1789 1814 prefati
1825 1758 2086 1801 GrlLBERTUs
2119 1774 2256 1814 nuper

299 1866 435 1894 comes
456 1854 498 1893 et
518 1851 547 1893 J
551 1865 739 1893 OHANNA
761 1851 813 1892 de
835 1849 1034 1892 dominiis
1059 1848 1205 1891 castris
1224 1849 1426 1891 maneriis
1445 1849 1568 1891 terris
1589 1851 1632 1891 et
1651 1849 1907 1891 tenementis
1924 1852 1966 1891 et
1985 1850 2038 1891 de
2057 1849 2253 1892 omnibus

296 1946 338 1985 et
380 1942 560 1998 singulis
592 1942 805 1997 premissis
839 1941 885 1983 in
921 1941 1081 1983 eisdem
1108 1940 1262 1982 litteris
1294 1940 1540 1995 specificatis
1571 1955 1667 1982 cum
1702 1940 1787 1982 suis
1819 1940 2088 1996 pertinentiis
2122 1940 2253 1983 seisiti

300 2033 476 2075 fuerunt
497 2033 542 2074 in
563 2032 775 2074 dominico
797 2047 871 2073 suo
893 2034 941 2073 ut
963 2031 1015 2073 de
1037 2031 1161 2073 feodo
1182 2030 1349 2072 talliato
1378 2034 1421 2071 et
1451 2030 1694 2073 habuerunt
1720 2001 1867 2086 postea
1887 2030 2029 2072 exitus
2048 2031 2161 2072 inter
2186 2045 2256 2073 eos

299 2125 514 2180 quendam
528 2124 664 2166 filium
678 2123 850 2166 nomine
864 2122 1137 2165 GlLBERTUM
1152 2125 1193 2165 et
1207 2125 1291 2163 tres
1305 2122 1413 2164 filias
1425 2121 1622 2164 videlicet
1630 2121 1908 2163 ALIANORAM
1926 2121 2257 2177 primogenitam

303 2215 631 2257 MARGARETAM
652 2214 837 2256 mediam
852 2217 895 2255 et
916 2214 1249 2255 ELIZABETHAM
1269 2212 1441 2254 tertiam
1457 2214 1713 2268 postnatam,
1732 2214 1774 2253 et
1795 2212 1944 2254 dicunt
1966 2213 2079 2267 quod
2109 2214 2256 2267 postea

302 2306 493 2362 predicta
512 2305 541 2348 J
544 2318 732 2347 OHANNA
754 2304 860 2347 obiit
880 2308 923 2346 et
944 2305 1215 2360 postmodum
1236 2303 1374 2346 dictus
1396 2302 1655 2345 GILBERTUS
1677 2318 1814 2358 nuper
1834 2318 1970 2345 comes
1991 2303 2120 2344 etiam
2146 2302 2253 2345 obiit

301 2399 396 2452 post
416 2396 484 2452 cuj
492 2411 540 2438 us
561 2399 742 2437 mortem
764 2396 906 2437 omnia
929 2394 1119 2450 predicta
1149 2394 1339 2436 dominia
1360 2396 1496 2435 castra
1516 2396 1626 2435 terre
1647 2395 1891 2435 tenementa
1912 2408 2008 2435 cum
2038 2395 2124 2435 suis
2156 2408 2250 2449 per-

300 2487 495 2530 tinentiis
516 2502 597 2542 que
620 2487 795 2528 fuerunt
816 2485 996 2541 predicti
1018 2485 1241 2528 GILBERTI
1269 2500 1406 2539 nuper
1436 2483 1600 2526 comitis
1631 2483 1797 2539 prefato
1829 2483 2061 2525 GILBERTO
2093 2483 2180 2525 filio
2211 2486 2255 2526 et

299 2579 446 2621 heredi
477 2578 763 2633 predictorum
801 2576 1024 2619 GILBERTI
1065 2591 1199 2631 nuper
1239 2575 1403 2618 comitis
1443 2577 1486 2617 et
1525 2574 1554 2617 J
1557 2588 1746 2616 OHANNE
1781 2575 2089 2616 descenderunt
2121 2607 2130 2615 .
2164 2573 2252 2621 Qui

302 2670 476 2725 quidem
515 2648 772 2711 GILBERTUS
803 2668 916 2710 filius
942 2667 1166 2710 GILBERTI
1195 2667 1247 2708 de
1278 2666 1478 2708 dominiis
1509 2665 1654 2707 castris
1684 2665 1885 2707 maneriis
1914 2665 2037 2707 terris
2067 2668 2110 2707 et
2140 2668 2256 2707 tene-

301 2761 457 2803 mentis
478 2763 521 2802 et
540 2761 593 2802 de
615 2759 811 2802 omnibus
826 2762 869 2801 et
890 2759 1070 2814 singulis
1091 2757 1303 2814 premissis
1323 2757 1369 2798 in
1386 2757 1544 2798 eisdem
1566 2756 1718 2798 litteris
1739 2755 1984 2811 patentibus
2005 2756 2252 2811 specificatis

303 2867 399 2894 cum
431 2852 518 2893 suis
544 2850 813 2906 pertinentiis
832 2850 917 2892 fuit
938 2849 1104 2892 seisitus
1123 2849 1169 2890 in
1190 2848 1401 2890 dominico
1422 2863 1496 2890 suo
1517 2850 1566 2889 ut
1586 2847 1638 2889 de
1659 2846 1784 2889 feodo
1803 2846 1968 2889 talliato
1982 2862 2057 2902 per
2070 2846 2254 2889 formam

302 2942 546 2985 donacionis
566 2941 753 2997 predicte
773 2944 816 2983 et
836 2942 888 2983 de
919 2940 995 2982 tali
1026 2943 1140 2982 statu
1170 2939 1270 2981 inde
1300 2938 1406 2981 obiit
1436 2938 1602 2980 seisitus
1631 2940 1725 2993 post
1757 2937 1880 2993 cujus
1909 2939 2089 2979 mortem
2109 2938 2253 2979 omnia

302 3035 450 3076 eadem
470 3032 660 3075 maneria
680 3032 870 3074 dominia
891 3034 1026 3073 castra
1046 3034 1155 3073 terre
1176 3033 1218 3072 et
1238 3031 1482 3072 tenementa
1512 3043 1608 3070 cum
1629 3027 1715 3070 suis
1735 3027 2005 3083 pertinentiis
2035 3043 2083 3070 ac
2113 3028 2256 3070 omnia
