2386 3645
1933 296 2041 336 1539

1016 514 1258 557 MCXLII.

160 623 571 667 DEFEASANOE
607 622 686 665 OF
720 623 765 664 A
799 621 971 664 BOND
1008 621 1336 664 WHEREBY
1369 621 1660 665 WILLIAM
1697 623 2096 677 BEUEREOHE,

302 714 556 757 CITIZEN
615 712 750 756 AND
812 711 1058 755 GROOER
1118 712 1196 754 OF
1255 712 1527 764 LONDON,
1587 713 1720 755 AND
1777 714 2095 767 ANOTHER,

301 805 431 848 ΑΒΕ
482 803 701 847 BOUND
751 803 823 846 IN
873 802 1148 847 TWENTY
1193 803 1409 846 MARKS
1469 803 1545 846 ΤΟ
1596 803 1847 846 MASTER
1896 805 2097 848 DAVID

299 896 531 947 LEWES,
583 894 829 937 REGTOR
886 894 965 936 OF
1014 893 1096 936 ST.
1149 893 1412 946 FAGANS,
1463 894 1539 936 ΤΟ
1590 893 1794 938 WHOM
1843 895 2098 940 THOMAS

301 986 614 1037 RUGGELE‚
691 985 913 1036 OLERK,
986 985 1422 1028 PREBENDARY
1494 986 1572 1028 OF
1640 985 2098 1040 FARREWATER,

300 1077 643 1120 LLANDAFF
674 1075 952 1127 DIOGESE,
983 1075 1039 1118 IS
1080 1076 1305 1119 UNDER
1335 1076 1728 1119 AGREEMENT
1759 1076 1835 1119 ΤΟ
1867 1076 2100 1121 RESIGN

302 1168 409 1211 HIS
460 1167 773 1210 PREBEND.

568 1275 652 1332 [H.
676 1275 738 1317 M.
762 1275 811 1317 P.
836 1275 890 1318 R.
915 1275 964 1317 O.
991 1279 1000 1297 ‘
1016 1275 1226 1317 ANCIENT
1258 1275 1424 1325 DEEDS,
1458 1275 1504 1318 O.
1540 1275 1704 1332 1496.’]

1309 1383 1364 1424 23
1387 1382 1514 1425 SEPT.
1578 1384 1603 1424 8
1625 1382 1749 1425 HEN.
1773 1382 1855 1426 VI.
1919 1385 2042 1427 1429.

214 1491 311 1533 Hec
341 1491 571 1532 indentura
600 1493 792 1542 testatur,
825 1491 939 1545 quod
969 1505 1065 1532 cum
1096 1489 1380 1533 WILLELMUS
1401 1490 1682 1532 BEUERECHE
1704 1491 1805 1533 civis
1835 1494 1876 1533 et
1907 1507 2102 1547 grocerus

155 1581 395 1624 LONDONIE
429 1585 471 1623 et
504 1580 788 1624 WILLELMUS
821 1580 972 1624 WADE
1006 1581 1246 1636 capellanus
1278 1596 1354 1636 per
1393 1581 1597 1636 scriptum
1639 1596 1762 1624 suum
1799 1581 2100 1638 obligatorium

156 1675 384 1714 teneantur
404 1672 609 1728 magistro
629 1671 785 1714 DAvn)
806 1671 984 1724 LEwEs,
1006 1672 1157 1714 rectori
1178 1672 1346 1714 ecclesie
1377 1671 1540 1714 SANCTI
1563 1672 1740 1714 FAGANI
1761 1672 1806 1714 in
1829 1672 2037 1725 WALmA,
2060 1678 2102 1717 et

155 1762 414 1806 WILLELMO
436 1762 747 1805 CANTELLOWE
770 1763 851 1805 civi
872 1766 914 1804 et
934 1778 1118 1805 mercero
1139 1762 1378 1805 LONDONIE
1399 1763 1444 1804 in
1466 1763 1622 1819 viginti
1635 1764 1785 1805 marcis
1801 1764 2102 1820 sterlingorum

154 1854 366 1896 solvendis
387 1853 561 1895 infesto
584 1853 755 1896 Natalis
786 1853 963 1895 Domini
993 1854 1184 1908 proxime
1216 1853 1362 1895 futuro
1392 1859 1487 1908 post
1518 1854 1663 1895 datam
1692 1854 1956 1908 presencium
1975 1858 2102 1910 prout

153 1944 199 1986 in
219 1944 408 2000 predicto
431 1944 584 2000 scripto
606 1943 858 1999 obligatorio
880 1945 1046 2000 plenius
1067 1944 1319 1996 continetur,
1341 1944 1520 2000 predicti
1549 1950 1692 1986 tamen
1724 1945 1926 2001 magister
1945 1946 2101 1988 DAvm

150 2038 193 2078 et
213 2034 498 2078 WILLELMUS
527 2034 836 2077 CANTELLOWE
867 2050 943 2091 pro
974 2050 1016 2077 se
1046 2034 1271 2077 heredibus
1302 2038 1344 2077 et
1375 2035 1667 2077 executoribus
1698 2049 1845 2077 eorum
1875 2036 2026 2078 volunt
2056 2039 2099 2079 et

151 2126 388 2168 concedunt
408 2141 483 2181 per
502 2128 728 2181 presentes,
751 2127 861 2181 quod
887 2126 960 2168 ubi
981 2126 1178 2168 convenit
1209 2129 1251 2168 et
1281 2127 1581 2168 concordatum
1611 2130 1675 2168 est
1703 2127 1816 2169 inter
1845 2128 2098 2183 magistrum

154 2214 361 2258 ΤΗΟΜΑΜ
384 2215 606 2258 RUGGELE
629 2216 838 2268 clericum,
861 2216 1189 2272 prebendarium
1209 2216 1421 2272 prebende
1443 2217 1495 2258 de
1518 2217 1840 2259 FARREWATER
1861 2218 1906 2259 in
1928 2219 2100 2260 ecclesia

150 2307 382 2349 cathedrali
433 2307 733 2349 LANDAVENSI
783 2308 829 2349 in
881 2307 1090 2355 WALmA,
1132 2311 1174 2350 et
1223 2308 1460 2363 predictum
1480 2308 1734 2364 magistrum
1773 2309 1942 2360 ΒΑἮΙ),
1985 2310 2098 2364 quod

149 2398 340 2453 prefatus
360 2398 563 2454 magister
579 2398 768 2441 THOMAs
781 2399 1014 2454 resignabit
1030 2399 1265 2454 predictam
1285 2398 1545 2454 prebendam
1567 2414 1686 2441 suam
1706 2399 1871 2454 prefato
1891 2401 2096 2456 magistro

154 2488 306 2530 Dum
326 2503 402 2544 pro
424 2503 568 2530 annua
589 2489 790 2544 pensione
811 2490 955 2532 decem
975 2504 1213 2531 marcarum
1243 2489 1408 2544 prefato
1439 2489 1643 2545 magistro
1674 2489 1841 2532 ΤΗΟΜΕ
1872 2492 1925 2532 ad
1958 2494 2093 2533 totam

153 2580 286 2622 vitam
317 2594 438 2622 suam
469 2580 693 2621 annuatim
722 2581 941 2622 reddenda
972 2581 1026 2622 ad
1067 2581 1222 2622 festum
1262 2579 1408 2622 Sancti
1447 2580 1706 2622 MICHAELrs
1745 2581 2008 2637 Archangeli
2047 2582 2092 2624 in

146 2670 318 2712 ecclesia
338 2669 483 2712 Sancti
505 2669 744 2712 LEONARDI
766 2672 819 2713 de
840 2670 1062 2713 ESTCHEP'
1083 2670 1336 2722 Lormomn,
1367 2673 1409 2712 et
1428 2670 1502 2713 ubi
1523 2671 1660 2713 dictus
1679 2671 1882 2727 magister
1902 2671 2091 2714 THOMAS

145 2761 302 2816 recepit
321 2760 595 2816 premanibus
615 2761 667 2802 de
688 2761 877 2817 predicto
908 2761 1113 2818 magistro
1143 2761 1299 2803 DAVID
1330 2761 1486 2817 viginti
1516 2776 1677 2803 marcas
1706 2762 2007 2818 sterlingorum
2037 2764 2089 2805 de

142 2850 331 2906 predicta
358 2866 502 2893 annua
521 2851 723 2906 pensione
744 2851 902 2894 scilicet
921 2866 997 2907 pro
1028 2851 1193 2893 duobus
1222 2851 1345 2893 annis
1375 2851 1567 2906 proxime
1596 2852 1788 2893 venturis
1818 2855 1911 2907 post
1942 2853 2086 2895 datam

146 2941 409 2996 presencium
443 2974 450 2982 .
485 2940 531 2982 Si
560 2941 622 2982 ita
652 2941 706 2983 sit
738 2942 850 2996 quod
880 2941 1094 2997 predictus
1125 2941 1329 2997 magister
1362 2941 1551 2984 TnoMAs
1578 2942 1732 2983 vixerit
1763 2942 1848 2983 sive
1881 2946 2089 2998 superstes

146 3030 278 3073 fuerit
306 3030 352 3072 in
382 3031 467 3073 fine
497 3031 782 3086 predictorum
823 3033 1005 3074 duorum
1041 3047 1263 3084 annorum,
1295 3033 1451 3074 scilicet
1479 3032 1525 3074 in
1556 3033 1625 3074 die
1655 3031 1799 3074 Sancti
1829 3032 2088 3076 MICHAELIS
