2386 3645
1903 289 2015 330 1237

126 488 206 531 hac
226 491 346 544 parte
369 522 377 531 .
399 488 587 545 prefatos
610 521 618 530 .
644 523 652 531 .
676 488 874 531 abbatem
901 492 944 531 et
964 493 1220 532 conventum
1246 491 1298 532 de
1322 490 1527 532 MARGAN
1555 506 1638 546 quo
1663 492 1717 533 ad
1751 493 2066 548 percepcionem

124 579 335 629 dictarum
367 578 626 621 decimarum
658 579 911 621 sufficienter
943 580 1131 627 munitos
1164 613 1173 621 .
1207 580 1254 622 in
1294 595 1517 635 personam
1559 581 1662 623 dicti
1697 583 1976 636 procuratoris
2009 582 2061 625 ab

126 669 322 712 examine
355 672 499 711 nostro
535 669 772 711 dimisimus
803 685 878 725 per
913 670 1141 712 decretum.
1203 669 1260 711 In
1293 670 1414 726 cujus
1448 670 1510 713 rei
1551 671 1842 713 testimonium
1882 672 2072 728 sigillum

127 763 320 802 nostrum
340 759 606 815 presentibus
626 760 804 802 fecimus
825 761 994 816 apponi.

184 850 349 893 Datum
371 851 486 906 apud
506 849 658 892 LANK'
682 885 690 893 .
714 865 786 893 11J.
812 850 918 893 Idus
940 850 1088 893 Octob'
1113 885 1121 893 .
1144 866 1257 894 anno
1278 851 1456 894 Domini
1476 852 1700 895 millesimo
1721 859 1844 894 cccm0·
1861 852 2074 896 tricesimo

128 955 254 983 nono.

186 1030 284 1074 Seal
305 1031 511 1087 wanting.

185 1121 482 1164 Endorsed—-‘
498 1121 543 1164 A
565 1122 786 1178 discharge
807 1122 853 1164 of
883 1122 1056 1178 Teyth.'

901 1505 1317 1549 DCCCOLXXIX.

129 1612 346 1655 GRANT
385 1612 473 1655 BY
507 1612 709 1657 DAVID
745 1612 828 1656 ΑΡ
867 1613 1084 1656 MADOO
1121 1613 1405 1657 WAGHAN
1442 1613 1519 1656 OF
1559 1612 1735 1656 LAND
1783 1612 1865 1656 AT
1900 1612 2080 1656 LLYS-

252 1704 554 1748 NEWYTH’
596 1705 669 1748 IN
709 1705 957 1749 KYLVEI
999 1705 1075 1748 TO
1117 1704 1219 1748 SIR
1260 1704 1509 1747 ROBERT
1550 1704 1635 1746 DE
1677 1704 1933 1747 PENRES.

853 1814 1084 1872 [MARGAM
1117 1813 1372 1870 CHARTER.]

1256 1923 1278 1963 1
1312 1921 1417 1964 JAN.
1483 1922 1536 1963 13
1572 1921 1700 1963 Enw.
1733 1919 1824 1963 III.
1888 1920 2012 1961 1340.

184 2029 332 2073 Sciant
350 2046 391 2086 p.
416 2033 459 2073 et
478 2030 510 2073 f,
535 2046 574 2086 q.
599 2046 632 2073 e.
657 2030 813 2073 DAvm
842 2045 896 2085 ap
929 2030 1091 2072 MAnoc
1112 2029 1325 2073 WACHAN
1347 2030 1387 2070 d.
1411 2044 1443 2070 c.
1468 2031 1511 2070 et
1530 2028 1572 2070 h.
1596 2043 1638 2083 p.
1661 2044 1694 2071 c.
1717 2043 1811 2070 mea
1832 2027 2077 2070 confirmavi

126 2122 299 2164 domino
317 2123 526 2164 RoBERTo
542 2123 594 2163 de
609 2121 792 2164 PENRES
809 2122 939 2163 militi
955 2136 1087 2162 unam
1103 2135 1242 2162 acram
1258 2120 1369 2175 prati
1381 2120 1594 2176 jacentem
1610 2120 1723 2174 apud
1738 2116 2070 2160 LLYSNEWYTH'

122 2212 170 2254 in
190 2211 374 2254 KYLVEI
395 2212 522 2268 juxta
542 2215 715 2267 pratum
736 2212 900 2254 domini
923 2211 1083 2253 ibidem
1114 2211 1158 2252 in
1188 2213 1308 2266 parte
1336 2210 1531 2252 orientali
1561 2213 1602 2251 et
1627 2209 1815 2251 rivulum
1836 2208 1911 2264 qui
1941 2207 2072 2250 currit

122 2303 177 2345 ad
204 2318 360 2358 aquam
381 2304 433 2344 de
455 2302 596 2345 TEWY
615 2303 662 2344 in
683 2305 803 2358 parte
831 2302 1083 2344 occidentali
1114 2305 1156 2343 et
1177 2301 1434 2343 dominicam
1460 2302 1618 2341 terram
1648 2298 1811 2341 domini
1837 2298 1998 2340 ibidem
2025 2297 2071 2339 in

122 2396 243 2449 parte
263 2393 414 2436 boriali
434 2396 477 2436 et
497 2397 668 2449 pratum
685 2393 868 2435 MAnom
889 2408 943 2449 ap
965 2392 994 2435 J
998 2407 1119 2434 EVAN
1141 2408 1194 2447 ap
1217 2391 1404 2433 HEYL1N
1436 2391 1482 2432 in
1502 2393 1621 2446 parte
1643 2389 1831 2432 australi.
1893 2388 2071 2430 Haben-

121 2486 226 2527 dum
250 2488 293 2527 et
313 2486 546 2527 tenendum
578 2485 813 2540 predictam
835 2499 975 2526 acram
998 2484 1110 2539 prati
1132 2498 1228 2525 cum
1249 2482 1445 2524 omnibus
1465 2482 1551 2523 suis
1580 2480 1851 2536 pertinenciis
1881 2480 2070 2535 predicto

121 2576 295 2619 domino
315 2575 529 2618 Rossmzro
550 2576 603 2617 de
627 2575 807 2617 PENREs
828 2575 1056 2617 heredibus
1077 2575 1144 2616 vel
1164 2574 1390 2629 assignatis
1410 2573 1496 2615 suis
1515 2572 1646 2614 libere
1668 2571 1809 2627 quiete
1828 2570 1936 2612 bene
1958 2573 2000 2611 et
2020 2570 2067 2612 in

121 2682 223 2723 pace
244 2666 340 2722 jure
359 2666 614 2708 hereditario
634 2666 681 2707 in
703 2668 958 2721 perpetuum
979 2666 1031 2706 de
1049 2664 1300 2720 capitalibus
1321 2663 1503 2705 dominis
1523 2662 1638 2704 feodi
1653 2662 1769 2703 illius
1789 2676 1864 2716 per
1878 2661 2069 2702 redditus

120 2761 164 2801 et
183 2757 360 2800 servicia
379 2757 480 2799 inde
509 2757 654 2800 debita
674 2760 716 2799 et
737 2758 788 2799 de
813 2757 909 2813 jure
937 2759 1148 2798 consueta.
1209 2755 1270 2796 Et
1297 2769 1376 2810 ego
1401 2754 1615 2809 predictus
1642 2752 1796 2794 DAvm
1825 2766 1878 2806 ap
1906 2751 2069 2793 MADoc

121 2849 334 2893 WACHAN
366 2851 409 2891 et
437 2848 614 2891 heredes
643 2848 728 2890 mei
758 2848 993 2903 predictam
1025 2862 1164 2889 acram
1193 2847 1305 2902 prati
1334 2861 1430 2887 cum
1460 2844 1656 2887 omnibus
1686 2843 1770 2885 suis
1799 2842 2069 2897 pertinentiis

119 2940 309 2996 predicto
340 2939 513 2982 domino
543 2939 756 2981 Rossssmo
785 2940 838 2980 de
859 2938 1042 2981 PENRES
1070 2937 1295 2980 heredibus
1315 2937 1383 2978 vel
1404 2935 1629 2991 assignatis
1649 2933 1734 2975 suis
1755 2935 1901 2975 contra
1923 2946 2068 2974 omnes

119 3030 321 3073 mortales
341 3029 714 3072 warantizabimus
737 3028 1072 3084 acquietabimus
1097 3031 1139 3070 et
1163 3028 1439 3070 defendemus
1467 3026 1795 3081 imperpetuum.
1859 3022 1914 3064 In
1946 3022 2070 3078 cujus
