2386 3645
314 242 424 283 1298

1108 451 1343 496 MXVIII.

253 553 645 599 INSPEXIMUS
703 556 794 600 AN
797 557 838 600 D
905 557 1387 602 OONFIRMATION
1448 559 1535 603 BY
1593 559 1874 603 EDWARD
1937 559 2017 602 LE
2088 561 2192 603 DE-

397 644 685 698 SPENSER,
718 647 795 689 OF
826 648 955 691 THE
985 649 1284 692 OHARTER
1317 651 1393 692 OF
1414 650 1749 693 LIBERTIES
1772 649 2074 693 GRANTED
2105 651 2192 694 BY

397 735 505 778 HIS
538 736 763 789 UNGLE,
798 738 988 782 HUGH
1023 739 1105 782 LE
1137 741 1514 792 DESPENSER,
1551 740 1628 783 ΤΟ
1666 740 1796 783 ΤΗΕ
1833 740 2194 786 BURGESSES

398 827 476 870 OF
518 828 805 871 OARDIFF.

907 903 1132 961 [CARDIFF
1185 903 1537 961 ΟοΒΡοΒΑΤΙοΝ]

1320 1013 1372 1054 18
1402 1011 1540 1054 JUNE.
1602 1012 1656 1053 32
1687 1011 1815 1053 Enw.
1849 1010 1941 1054 III.
2010 1012 2134 1055 1358.

308 1116 564 1159 EDWARDUS
586 1118 624 1160 le
640 1117 905 1160 DESPENSER
920 1119 1117 1161 dominus
1133 1120 1185 1161 de
1201 1118 1501 1161 GLAMORGAN’
1521 1121 1563 1160 et
1580 1118 1794 1160 MORGAN’
1813 1118 2009 1161 omnibus
2024 1119 2194 1164 ballivis

250 1207 405 1250 nostris
425 1211 467 1250 et
487 1208 581 1250 aliis
602 1209 656 1250 ad
677 1224 780 1264 quos
794 1212 1007 1265 presentes
1027 1210 1148 1251 litere
1161 1210 1432 1265 pervenerint
1452 1210 1643 1251 salutem.
1705 1208 1857 1251 Sciatis
1872 1225 1949 1252 nos
1964 1210 2195 1266 inspexisse

249 1301 410 1340 cartam
442 1298 550 1340 bone
584 1300 784 1341 memorie
824 1300 986 1342 domini
1021 1300 1234 1342 HUGONIS
1273 1301 1312 1342 le
1348 1300 1618 1342 DESPENSER
1652 1300 1854 1343 avunculi
1888 1301 2023 1343 nostri
2057 1317 2199 1358 nuper

248 1388 411 1430 domini
439 1387 740 1431 GLAMORGAN'
769 1394 811 1431 et
838 1390 1053 1432 MORGAN'
1083 1406 1212 1446 quam
1239 1391 1341 1433 fecit
1369 1390 1651 1447 burgensibus
1679 1392 1731 1433 de
1759 1390 1972 1434 KAERDIF
1998 1394 2050 1435 de
2071 1392 2196 1436 liber-

248 1479 407 1521 tatibus
429 1495 574 1521 eorum
594 1480 638 1521 in
659 1480 736 1522 hec
756 1481 884 1522 verba
902 1496 971 1523 :—

306 1570 459 1623 Ruso,
491 1585 582 1613 ETc.
654 1572 751 1614 Vide
782 1586 1077 1614 Dccchxxxn.

307 1661 399 1704 Nos
414 1677 512 1704 vero
532 1662 746 1717 predictus
766 1662 1027 1705 EDWARDUS
1042 1664 1082 1706 le
1098 1663 1363 1706 DESPENSER
1384 1664 1582 1707 dominus
1599 1663 1904 1707 GLAMORGAN'
1919 1668 1962 1708 et
1978 1665 2196 1709 MORGAN'

247 1768 323 1809 pro
359 1754 494 1795 salute
522 1754 663 1795 anime
694 1757 835 1796 nostre
861 1757 903 1796 et
938 1755 1178 1796 animarum
1214 1755 1348 1810 patris
1380 1756 1513 1797 nostri
1545 1759 1587 1798 et
1612 1756 1760 1798 matris
1780 1760 1921 1799 nostre
1943 1760 1986 1799 et
2005 1758 2197 1800 omnium

249 1849 558 1887 antecessorum
587 1848 629 1887 et
655 1845 860 1888 heredum
881 1848 1121 1888 nostrorum
1149 1861 1294 1888 omnes
1324 1847 1577 1888 donaciones
1608 1847 1894 1889 concessiones
1914 1851 1957 1889 et
1977 1848 2199 1890 confirma-

250 1936 388 1978 ciones
405 1937 665 1991 supradictas
677 1938 790 1978 ratas
802 1936 1006 1978 habentes
1019 1940 1062 1978 et
1075 1940 1217 1992 gratas
1232 1952 1300 1978 eas
1313 1952 1388 1992 pro
1402 1937 1522 1979 nobis
1537 1942 1579 1979 et
1593 1937 1818 1980 heredibus
1831 1938 1985 1980 nostris
1998 1939 2198 1993 predictis

250 2026 532 2083 burgensibus
559 2027 713 2068 nostris
743 2030 786 2068 et
816 2042 960 2068 eorum
988 2027 1290 2069 successoribus
1311 2029 1577 2070 concedimus
1597 2029 1850 2071 innovamus
1870 2029 2127 2072 ratificamus
2157 2032 2201 2072 et

253 2118 549 2160 confirmamus
576 2118 900 2173 imperpetuum.
963 2117 1167 2160 Volentes
1195 2122 1237 2160 et
1265 2120 1538 2161 concedentes
1562 2120 1675 2174 quod
1697 2119 1777 2161 ista
1799 2122 1914 2161 carta
1934 2120 1980 2161 in
2002 2120 2198 2163 omnibus

254 2207 341 2249 suis
388 2206 657 2250 libertatibus
705 2208 882 2250 firmiter
930 2212 971 2249 et
1020 2208 1323 2251 inviolabiliter
1372 2209 1616 2251 observetur
1665 2209 1711 2251 in
1756 2213 2009 2266 perpetuum
2053 2210 2199 2266 aliqua

254 2299 564 2354 interruptione
591 2314 678 2341 non
706 2299 912 2342 obstante.
974 2299 1029 2342 In
1059 2299 1181 2356 cujus
1205 2301 1267 2342 rei
1287 2301 1578 2342 testimonium
1599 2301 1699 2342 huic
1718 2301 1903 2356 presenti
1925 2305 2037 2343 carte
2058 2304 2199 2344 nostre

255 2390 446 2446 sigillum
476 2390 721 2432 cancellarie
749 2393 889 2433 nostre
917 2392 970 2433 de
1000 2391 1215 2434 KAERDIF
1249 2392 1450 2434 duximus
1480 2394 1794 2447 apponendum.
1857 2392 1959 2434 Hiis
1978 2393 2157 2436 testibus
2189 2426 2198 2435 .

255 2481 566 2524 venerabilibus
594 2481 694 2523 viris
726 2481 939 2524 HEcho
961 2482 1113 2525 abbate
1156 2484 1208 2524 de
1250 2483 1455 2525 MARGAN
1480 2517 1488 2525 .
1513 2483 1709 2525 TnoMAs
1735 2483 1887 2526 abbate
1918 2485 1971 2526 de
2002 2484 2048 2526 N
2051 2499 2171 2526 EETH
2189 2518 2198 2527 .

259 2573 283 2614 J
289 2586 475 2614 οΗΑΝΝΕ
529 2573 581 2614 de
623 2571 866 2614 COVENTRE
914 2573 1209 2616 archidiacono
1249 2573 1548 2616 LANDAVENSI
1587 2607 1595 2616 .
1638 2574 1822 2617 dominis
1867 2574 2098 2617 GiLBER'ro
2148 2576 2201 2618 de

256 2663 522 2705 ELLESFELD
543 2666 645 2706 tunc
665 2664 908 2706 vicecomite
928 2668 1071 2706 nostro
1092 2665 1144 2706 de
1167 2664 1468 2707 GLAMORGAN’
1492 2699 1500 2707 .
1526 2664 1730 2707 ΒΙοΑηῡο
1757 2666 1809 2707 de
1831 2665 2159 2707 TURBERVILLE
2192 2699 2200 2708 .

255 2753 460 2796 OLIVERO
481 2755 533 2796 de
547 2754 701 2797 Sancto
723 2754 752 2798 J
755 2769 942 2797 OHANNE
966 2789 974 2797 .
997 2755 1027 2798 J
1029 2770 1216 2798 oHANNE
1232 2757 1271 2798 le
1288 2756 1492 2798 NORREIS
1509 2791 1517 2798 .
1537 2756 1769 2798 EDWARDO
1786 2757 1837 2798 de
1855 2755 2174 2799 STRADELINGE
2193 2789 2201 2798 .

256 2844 465 2887 militibus
488 2879 496 2887 .
522 2845 780 2888 WILLELMO
804 2846 1079 2889 FFLEMINGE
1105 2881 1112 2889 .
1137 2846 1326 2889 THoMAs
1347 2848 1399 2888 de
1420 2847 1674 2889 BAUDRUPP
1697 2851 1739 2888 et
1759 2846 1866 2889 aliis.

314 2935 480 2978 Datum
513 2937 627 2992 apud
663 2936 880 2979 KAERDIF
902 2952 1034 2979 xvm.
1058 2938 1126 2980 die
1147 2937 1177 2981 J
1181 2938 1273 2980 unii
1294 2953 1407 2980 anno
1427 2938 1551 2994 regni
1572 2937 1706 2994 Regis
1726 2936 1954 2979 EDWARDI
1976 2937 2092 2980 tertii
2112 2939 2208 2993 post

263 3032 538 3081 conquestum
560 3028 769 3070 tricesimo
791 3030 986 3071 secundo.
