<?xml version="1.0" encoding="UTF-8"?>
<!DOCTYPE html PUBLIC "-//W3C//DTD XHTML 1.0 Transitional//EN"
    "http://www.w3.org/TR/xhtml1/DTD/xhtml1-transitional.dtd">
<html xmlns="http://www.w3.org/1999/xhtml" xml:lang="en" lang="en">
 <head>
  <title>
</title>
<meta http-equiv="Content-Type" content="text/html;charset=utf-8" />
  <meta name='ocr-system' content='tesseract 3.04.00' />
  <meta name='ocr-capabilities' content='ocr_page ocr_carea ocr_par ocr_line ocrx_word'/>
</head>
<body>
  <div class='ocr_page' id='page_1' title='image "./cartaeetaliamuni04claruoft_0157.png"; bbox 0 0 2386 3645; ppageno 0'>
   <div class='ocr_carea' id='block_1_1' title="bbox 1936 258 2046 300">
    <p class='ocr_par' dir='ltr' id='par_1_1' title="bbox 1936 258 2046 300">
     <span class='ocr_line' id='line_1_1' title="bbox 1936 258 2046 300; baseline 0 0"><span class='ocrx_word' id='word_1_1' title='bbox 1936 258 2046 300; x_wconf 83' lang='lat'>1297</span> 
     </span>
    </p>
   </div>
   <div class='ocr_carea' id='block_1_2' title="bbox 145 459 2098 1956">
    <p class='ocr_par' dir='ltr' id='par_1_2' title="bbox 152 459 2097 1149">
     <span class='ocr_line' id='line_1_2' title="bbox 156 459 2097 517; baseline 0.003 -15"><span class='ocrx_word' id='word_1_2' title='bbox 156 475 257 502; x_wconf 85' lang='lat' dir='ltr'>vero</span> <span class='ocrx_word' id='word_1_3' title='bbox 281 460 419 502; x_wconf 89' lang='lat' dir='ltr'>dictus</span> <span class='ocrx_word' id='word_1_4' title='bbox 448 460 677 502; x_wconf 80' lang='lat' dir='ltr'>vicecomes</span> <span class='ocrx_word' id='word_1_5' title='bbox 702 474 779 515; x_wconf 88' lang='lat' dir='ltr'>per</span> <span class='ocrx_word' id='word_1_6' title='bbox 808 474 1024 501; x_wconf 83' lang='lat' dir='ltr'>assensum</span> <span class='ocrx_word' id='word_1_7' title='bbox 1051 459 1184 502; x_wconf 88' lang='lat' dir='ltr'>tocius</span> <span class='ocrx_word' id='word_1_8' title='bbox 1212 460 1375 502; x_wconf 84' lang='lat' dir='ltr'>consilii</span> <span class='ocrx_word' id='word_1_9' title='bbox 1395 461 1558 502; x_wconf 88' lang='lat' dir='ltr'>domini</span> <span class='ocrx_word' id='word_1_10' title='bbox 1578 462 1811 517; x_wconf 76' lang='lat' dir='ltr'>acceptavit</span> <span class='ocrx_word' id='word_1_11' title='bbox 1830 478 1899 506; x_wconf 92' lang='lat' dir='ltr'>eos</span> <span class='ocrx_word' id='word_1_12' title='bbox 1918 467 1966 506; x_wconf 86' lang='lat' dir='ltr'>ut</span> <span class='ocrx_word' id='word_1_13' title='bbox 1987 465 2097 508; x_wconf 86' lang='lat' dir='ltr'>viros</span> 
     </span>
     <span class='ocr_line' id='line_1_3' title="bbox 156 549 2096 607; baseline 0.003 -14"><span class='ocrx_word' id='word_1_14' title='bbox 156 550 376 607; x_wconf 75' lang='lat' dir='ltr'>refigiosos</span> <span class='ocrx_word' id='word_1_15' title='bbox 424 554 467 593; x_wconf 89' lang='lat' dir='ltr'>et</span> <span class='ocrx_word' id='word_1_16' title='bbox 504 549 695 592; x_wconf 88' lang='lat' dir='ltr'>membra</span> <span class='ocrx_word' id='word_1_17' title='bbox 743 550 912 592; x_wconf 87' lang='lat' dir='ltr'>ecclesie</span> <span class='ocrx_word' id='word_1_18' title='bbox 951 554 993 591; x_wconf 89' lang='lat' dir='ltr'>et</span> <span class='ocrx_word' id='word_1_19' title='bbox 1029 552 1246 592; x_wconf 89' lang='lat' dir='ltr'>contentos</span> <span class='ocrx_word' id='word_1_20' title='bbox 1284 549 1400 591; x_wconf 75' lang='lat' dir='ltr'>infra</span> <span class='ocrx_word' id='word_1_21' title='bbox 1438 550 1668 593; x_wconf 70' lang='lat' dir='ltr'>tuicionem</span> <span class='ocrx_word' id='word_1_22' title='bbox 1706 552 1874 595; x_wconf 82' lang='lat' dir='ltr'>ecclesie</span> <span class='ocrx_word' id='word_1_23' title='bbox 1913 557 1956 596; x_wconf 89' lang='lat' dir='ltr'>et</span> <span class='ocrx_word' id='word_1_24' title='bbox 1993 554 2096 598; x_wconf 82' lang='lat' dir='ltr'>fecit</span> 
     </span>
     <span class='ocr_line' id='line_1_4' title="bbox 155 640 2096 698; baseline 0.002 -14"><span class='ocrx_word' id='word_1_25' title='bbox 155 641 477 698; x_wconf 74' lang='lat' dir='ltr'>inquisitionem</span> <span class='ocrx_word' id='word_1_26' title='bbox 507 656 583 697; x_wconf 89' lang='lat' dir='ltr'>per</span> <span class='ocrx_word' id='word_1_27' title='bbox 605 640 758 696; x_wconf 89' lang='lat' dir='ltr'>probos</span> <span class='ocrx_word' id='word_1_28' title='bbox 787 643 830 683; x_wconf 89' lang='lat' dir='ltr'>et</span> <span class='ocrx_word' id='word_1_29' title='bbox 857 640 1016 697; x_wconf 88' lang='lat' dir='ltr'>legales</span> <span class='ocrx_word' id='word_1_30' title='bbox 1042 640 1234 683; x_wconf 91' lang='lat' dir='ltr'>homines</span> <span class='ocrx_word' id='word_1_31' title='bbox 1263 640 1487 682; x_wconf 72' lang='lat' dir='ltr'>comitatus</span> <span class='ocrx_word' id='word_1_32' title='bbox 1516 674 1524 682; x_wconf 91' lang='lat'><strong>.</strong></span> <span class='ocrx_word' id='word_1_33' title='bbox 1553 643 1699 683; x_wconf 85' lang='lat' dir='ltr'>utrum</span> <span class='ocrx_word' id='word_1_34' title='bbox 1727 642 1906 698; x_wconf 85' lang='lat' dir='ltr'>predicti</span> <span class='ocrx_word' id='word_1_35' title='bbox 1944 644 2096 688; x_wconf 76' lang='lat' dir='ltr'>fratres</span> 
     </span>
     <span class='ocr_line' id='line_1_5' title="bbox 155 729 2095 787; baseline 0.002 -12"><span class='ocrx_word' id='word_1_36' title='bbox 155 732 187 776; x_wconf 88' lang='lat' dir='ltr'><strong>J</strong></span> <span class='ocrx_word' id='word_1_37' title='bbox 188 746 396 775; x_wconf 80' lang='lat' dir='ltr'>OHANNES</span> <span class='ocrx_word' id='word_1_38' title='bbox 427 734 469 774; x_wconf 88' lang='lat' dir='ltr'>et</span> <span class='ocrx_word' id='word_1_39' title='bbox 496 731 683 774; x_wconf 73' lang='lat' dir='ltr'>MEvmc</span> <span class='ocrx_word' id='word_1_40' title='bbox 713 734 814 773; x_wconf 90' lang='lat' dir='ltr'>sunt</span> <span class='ocrx_word' id='word_1_41' title='bbox 840 730 1069 787; x_wconf 81' lang='lat' dir='ltr'>culpabiles</span> <span class='ocrx_word' id='word_1_42' title='bbox 1095 731 1148 773; x_wconf 92' lang='lat' dir='ltr'>de</span> <span class='ocrx_word' id='word_1_43' title='bbox 1173 731 1374 786; x_wconf 88' lang='lat' dir='ltr'>predictis</span> <span class='ocrx_word' id='word_1_44' title='bbox 1393 729 1563 773; x_wconf 77' lang='lat' dir='ltr'>seloniis</span> <span class='ocrx_word' id='word_1_45' title='bbox 1582 746 1714 774; x_wconf 90' lang='lat' dir='ltr'>necne</span> <span class='ocrx_word' id='word_1_46' title='bbox 1731 735 1782 774; x_wconf 89' lang='lat' dir='ltr'>ut</span> <span class='ocrx_word' id='word_1_47' title='bbox 1801 747 1875 787; x_wconf 87' lang='lat' dir='ltr'>per</span> <span class='ocrx_word' id='word_1_48' title='bbox 1893 733 1972 776; x_wconf 92' lang='lat' dir='ltr'>hoc</span> <span class='ocrx_word' id='word_1_49' title='bbox 1991 735 2095 778; x_wconf 89' lang='lat' dir='ltr'>scire</span> 
     </span>
     <span class='ocr_line' id='line_1_6' title="bbox 154 821 2093 878; baseline 0.002 -13"><span class='ocrx_word' id='word_1_50' title='bbox 154 827 293 878; x_wconf 88' lang='lat' dir='ltr'>posset</span> <span class='ocrx_word' id='word_1_51' title='bbox 324 822 506 878; x_wconf 83' lang='lat' dir='ltr'>qualiter</span> <span class='ocrx_word' id='word_1_52' title='bbox 530 837 598 864; x_wconf 91' lang='lat' dir='ltr'>eos</span> <span class='ocrx_word' id='word_1_53' title='bbox 633 821 865 864; x_wconf 88' lang='lat' dir='ltr'>deliberare</span> <span class='ocrx_word' id='word_1_54' title='bbox 893 821 1040 864; x_wconf 87' lang='lat' dir='ltr'>debuit</span> <span class='ocrx_word' id='word_1_55' title='bbox 1070 822 1257 877; x_wconf 88' lang='lat' dir='ltr'>predicto</span> <span class='ocrx_word' id='word_1_56' title='bbox 1287 821 1443 863; x_wconf 68' lang='lat' dir='ltr'>DAvm</span> <span class='ocrx_word' id='word_1_57' title='bbox 1473 822 1528 864; x_wconf 90' lang='lat' dir='ltr'>ad</span> <span class='ocrx_word' id='word_1_58' title='bbox 1557 821 1700 864; x_wconf 79' lang='lat' dir='ltr'>forum</span> <span class='ocrx_word' id='word_1_59' title='bbox 1729 823 2052 868; x_wconf 85' lang='lat' dir='ltr'>ecclesiasticum</span> <span class='ocrx_word' id='word_1_60' title='bbox 2083 859 2093 869; x_wconf 84' lang='lat'><strong>.</strong></span> 
     </span>
     <span class='ocr_line' id='line_1_7' title="bbox 155 912 2096 969; baseline 0.002 -14"><span class='ocrx_word' id='word_1_61' title='bbox 155 928 238 969; x_wconf 89' lang='lat' dir='ltr'>que</span> <span class='ocrx_word' id='word_1_62' title='bbox 268 913 441 968; x_wconf 90' lang='lat' dir='ltr'>quidem</span> <span class='ocrx_word' id='word_1_63' title='bbox 467 912 691 967; x_wconf 89' lang='lat' dir='ltr'>inquisicio</span> <span class='ocrx_word' id='word_1_64' title='bbox 719 912 778 954; x_wconf 90' lang='lat' dir='ltr'>sic</span> <span class='ocrx_word' id='word_1_65' title='bbox 805 914 928 968; x_wconf 85' lang='lat' dir='ltr'>capta</span> <span class='ocrx_word' id='word_1_66' title='bbox 947 927 1001 954; x_wconf 84' lang='lat' dir='ltr'>ex</span> <span class='ocrx_word' id='word_1_67' title='bbox 1022 912 1156 954; x_wconf 90' lang='lat' dir='ltr'>officio</span> <span class='ocrx_word' id='word_1_68' title='bbox 1179 945 1394 955; x_wconf 88' lang='grc'><strong>.......</strong></span> <span class='ocrx_word' id='word_1_69' title='bbox 1418 915 1461 954; x_wconf 90' lang='lat' dir='ltr'>et</span> <span class='ocrx_word' id='word_1_70' title='bbox 1490 912 1593 954; x_wconf 88' lang='lat' dir='ltr'>dicit</span> <span class='ocrx_word' id='word_1_71' title='bbox 1614 914 1727 968; x_wconf 90' lang='lat' dir='ltr'>quod</span> <span class='ocrx_word' id='word_1_72' title='bbox 1746 914 1926 969; x_wconf 87' lang='lat' dir='ltr'>predicti</span> <span class='ocrx_word' id='word_1_73' title='bbox 1945 915 2096 959; x_wconf 76' lang='lat' dir='ltr'>fratres</span> 
     </span>
     <span class='ocr_line' id='line_1_8' title="bbox 153 1003 2096 1059; baseline 0.002 -13"><span class='ocrx_word' id='word_1_74' title='bbox 153 1003 184 1047; x_wconf 88' lang='lat' dir='ltr'><strong>J</strong></span> <span class='ocrx_word' id='word_1_75' title='bbox 186 1018 396 1046; x_wconf 81' lang='lat' dir='ltr'><strong>OHANNES</strong></span> <span class='ocrx_word' id='word_1_76' title='bbox 430 1007 472 1045; x_wconf 85' lang='lat' dir='ltr'>et</span> <span class='ocrx_word' id='word_1_77' title='bbox 504 1003 693 1045; x_wconf 82' lang='lat' dir='ltr'>MEURIO</span> <span class='ocrx_word' id='word_1_78' title='bbox 726 1018 814 1045; x_wconf 90' lang='lat' dir='ltr'>non</span> <span class='ocrx_word' id='word_1_79' title='bbox 848 1007 948 1045; x_wconf 87' lang='lat' dir='ltr'>sunt</span> <span class='ocrx_word' id='word_1_80' title='bbox 982 1003 1083 1045; x_wconf 86' lang='lat' dir='ltr'>inde</span> <span class='ocrx_word' id='word_1_81' title='bbox 1120 1003 1352 1059; x_wconf 82' lang='lat' dir='ltr'>culpabiles</span> <span class='ocrx_word' id='word_1_82' title='bbox 1387 1004 1440 1045; x_wconf 89' lang='lat' dir='ltr'>de</span> <span class='ocrx_word' id='word_1_83' title='bbox 1473 1003 1673 1059; x_wconf 84' lang='lat' dir='ltr'>predictis</span> <span class='ocrx_word' id='word_1_84' title='bbox 1712 1003 1881 1046; x_wconf 81' lang='lat' dir='ltr'>feloniis</span> <span class='ocrx_word' id='word_1_85' title='bbox 1921 1009 1963 1048; x_wconf 90' lang='lat' dir='ltr'>et</span> <span class='ocrx_word' id='word_1_86' title='bbox 2001 1007 2096 1049; x_wconf 91' lang='lat' dir='ltr'>ideo</span> 
     </span>
     <span class='ocr_line' id='line_1_9' title="bbox 152 1094 1087 1149; baseline -0.001 -13"><span class='ocrx_word' id='word_1_87' title='bbox 152 1094 466 1137; x_wconf 84' lang='lat' dir='ltr'>consideratum</span> <span class='ocrx_word' id='word_1_88' title='bbox 485 1096 548 1136; x_wconf 89' lang='lat' dir='ltr'>est</span> <span class='ocrx_word' id='word_1_89' title='bbox 568 1094 681 1149; x_wconf 89' lang='lat' dir='ltr'>quod</span> <span class='ocrx_word' id='word_1_90' title='bbox 701 1097 801 1136; x_wconf 90' lang='lat' dir='ltr'>eant</span> <span class='ocrx_word' id='word_1_91' title='bbox 820 1094 921 1136; x_wconf 91' lang='lat' dir='ltr'>inde</span> <span class='ocrx_word' id='word_1_92' title='bbox 941 1094 1087 1149; x_wconf 87' lang='lat' dir='ltr'>quieti.</span> 
     </span>
    </p>

    <p class='ocr_par' dir='ltr' id='par_1_3' title="bbox 147 1184 2095 1331">
     <span class='ocr_line' id='line_1_10' title="bbox 209 1184 2095 1243; baseline 0.002 -16"><span class='ocrx_word' id='word_1_93' title='bbox 209 1185 320 1227; x_wconf 85' lang='lat' dir='ltr'>Fine</span> <span class='ocrx_word' id='word_1_94' title='bbox 359 1185 608 1241; x_wconf 84' lang='lat' dir='ltr'>impression</span> <span class='ocrx_word' id='word_1_95' title='bbox 641 1184 686 1226; x_wconf 81' lang='lat' dir='ltr'>of</span> <span class='ocrx_word' id='word_1_96' title='bbox 723 1184 797 1227; x_wconf 88' lang='lat' dir='ltr'>the</span> <span class='ocrx_word' id='word_1_97' title='bbox 830 1185 916 1227; x_wconf 84' lang='lat' dir='ltr'>seal</span> <span class='ocrx_word' id='word_1_98' title='bbox 949 1185 994 1226; x_wconf 77' lang='lat' dir='ltr'>os</span> <span class='ocrx_word' id='word_1_99' title='bbox 1028 1185 1101 1227; x_wconf 85' lang='lat' dir='ltr'>the</span> <span class='ocrx_word' id='word_1_100' title='bbox 1138 1184 1302 1227; x_wconf 75' lang='lat' dir='ltr'>Gardjff</span> <span class='ocrx_word' id='word_1_101' title='bbox 1337 1185 1558 1240; x_wconf 88' lang='lat' dir='ltr'>chancery‚</span> <span class='ocrx_word' id='word_1_102' title='bbox 1594 1199 1725 1241; x_wconf 87' lang='lat' dir='ltr'>green</span> <span class='ocrx_word' id='word_1_103' title='bbox 1756 1200 1864 1238; x_wconf 85' lang='lat' dir='ltr'>wax,</span> <span class='ocrx_word' id='word_1_104' title='bbox 1901 1186 2095 1243; x_wconf 89' lang='lat' dir='ltr'>chipped,</span> 
     </span>
     <span class='ocr_line' id='line_1_11' title="bbox 147 1275 421 1331; baseline -0.004 -13"><span class='ocrx_word' id='word_1_105' title='bbox 147 1276 269 1331; x_wconf 47' lang='lat' dir='ltr'>Bkin.</span> <span class='ocrx_word' id='word_1_106' title='bbox 293 1275 421 1318; x_wconf 89' lang='lat' dir='ltr'>diam.</span> 
     </span>
    </p>

    <p class='ocr_par' dir='ltr' id='par_1_4' title="bbox 150 1365 2098 1604">
     <span class='ocr_line' id='line_1_12' title="bbox 215 1365 2098 1424; baseline 0.002 -16"><span class='ocrx_word' id='word_1_107' title='bbox 215 1368 286 1409; x_wconf 87' lang='lat' dir='ltr'>Ob.</span> <span class='ocrx_word' id='word_1_108' title='bbox 347 1365 422 1409; x_wconf 92' lang='lat' dir='ltr'>An</span> <span class='ocrx_word' id='word_1_109' title='bbox 453 1367 598 1408; x_wconf 88' lang='lat' dir='ltr'>armed</span> <span class='ocrx_word' id='word_1_110' title='bbox 627 1366 798 1423; x_wconf 85' lang='lat' dir='ltr'>knight,</span> <span class='ocrx_word' id='word_1_111' title='bbox 819 1366 925 1409; x_wconf 85' lang='lat' dir='ltr'>with</span> <span class='ocrx_word' id='word_1_112' title='bbox 953 1367 1156 1420; x_wconf 89' lang='lat' dir='ltr'>hauberk,</span> <span class='ocrx_word' id='word_1_113' title='bbox 1179 1368 1328 1420; x_wconf 88' lang='lat' dir='ltr'>sword,</span> <span class='ocrx_word' id='word_1_114' title='bbox 1349 1366 1509 1409; x_wconf 90' lang='lat' dir='ltr'>helmet</span> <span class='ocrx_word' id='word_1_115' title='bbox 1539 1368 1700 1410; x_wconf 88' lang='lat' dir='ltr'>crested</span> <span class='ocrx_word' id='word_1_116' title='bbox 1729 1367 1834 1410; x_wconf 87' lang='lat' dir='ltr'>with</span> <span class='ocrx_word' id='word_1_117' title='bbox 1865 1384 1890 1410; x_wconf 86' lang='lat' dir='ltr'>a</span> <span class='ocrx_word' id='word_1_118' title='bbox 1919 1369 2098 1424; x_wconf 83' lang='lat' dir='ltr'>griffin&#39;s</span> 
     </span>
     <span class='ocr_line' id='line_1_13' title="bbox 150 1457 2098 1515; baseline 0.002 -16"><span class='ocrx_word' id='word_1_119' title='bbox 150 1457 261 1500; x_wconf 90' lang='lat' dir='ltr'>head</span> <span class='ocrx_word' id='word_1_120' title='bbox 292 1458 378 1499; x_wconf 90' lang='lat' dir='ltr'>and</span> <span class='ocrx_word' id='word_1_121' title='bbox 398 1457 536 1513; x_wconf 86' lang='lat' dir='ltr'>wings</span> <span class='ocrx_word' id='word_1_122' title='bbox 565 1461 688 1510; x_wconf 87' lang='lat' dir='ltr'>erect,</span> <span class='ocrx_word' id='word_1_123' title='bbox 711 1458 798 1500; x_wconf 90' lang='lat' dir='ltr'>and</span> <span class='ocrx_word' id='word_1_124' title='bbox 827 1457 963 1500; x_wconf 88' lang='lat' dir='ltr'>shield</span> <span class='ocrx_word' id='word_1_125' title='bbox 994 1458 1038 1500; x_wconf 80' lang='lat' dir='ltr'>of</span> <span class='ocrx_word' id='word_1_126' title='bbox 1068 1473 1192 1511; x_wconf 86' lang='lat' dir='ltr'>arms,</span> <span class='ocrx_word' id='word_1_127' title='bbox 1213 1458 1360 1514; x_wconf 83' lang='lat' dir='ltr'>riding</span> <span class='ocrx_word' id='word_1_128' title='bbox 1388 1461 1433 1501; x_wconf 85' lang='lat' dir='ltr'>to</span> <span class='ocrx_word' id='word_1_129' title='bbox 1453 1458 1526 1500; x_wconf 87' lang='lat' dir='ltr'>the</span> <span class='ocrx_word' id='word_1_130' title='bbox 1547 1458 1667 1515; x_wconf 88' lang='lat' dir='ltr'>right</span> <span class='ocrx_word' id='word_1_131' title='bbox 1687 1474 1741 1501; x_wconf 89' lang='lat' dir='ltr'>on</span> <span class='ocrx_word' id='word_1_132' title='bbox 1772 1474 1797 1501; x_wconf 87' lang='lat' dir='ltr'>a</span> <span class='ocrx_word' id='word_1_133' title='bbox 1827 1459 2098 1515; x_wconf 86' lang='lat' dir='ltr'>caparisoned</span> 
     </span>
     <span class='ocr_line' id='line_1_14' title="bbox 150 1547 1675 1604; baseline 0 -13"><span class='ocrx_word' id='word_1_134' title='bbox 150 1548 284 1591; x_wconf 87' lang='lat' dir='ltr'>horse.</span> <span class='ocrx_word' id='word_1_135' title='bbox 346 1547 438 1590; x_wconf 84' lang='lat' dir='ltr'>The</span> <span class='ocrx_word' id='word_1_136' title='bbox 459 1547 596 1590; x_wconf 89' lang='lat' dir='ltr'>shield</span> <span class='ocrx_word' id='word_1_137' title='bbox 617 1549 702 1590; x_wconf 90' lang='lat' dir='ltr'>and</span> <span class='ocrx_word' id='word_1_138' title='bbox 724 1548 962 1604; x_wconf 85' lang='lat' dir='ltr'>caparisons</span> <span class='ocrx_word' id='word_1_139' title='bbox 981 1548 1081 1591; x_wconf 80' lang='lat' dir='ltr'>bear</span> <span class='ocrx_word' id='word_1_140' title='bbox 1101 1549 1175 1591; x_wconf 89' lang='lat' dir='ltr'>the</span> <span class='ocrx_word' id='word_1_141' title='bbox 1196 1564 1308 1591; x_wconf 86' lang='lat' dir='ltr'>arms</span> <span class='ocrx_word' id='word_1_142' title='bbox 1328 1549 1373 1591; x_wconf 79' lang='lat' dir='ltr'>of</span> <span class='ocrx_word' id='word_1_143' title='bbox 1393 1549 1675 1592; x_wconf 79' lang='lat' dir='ltr'>DEsPENsER.</span> 
     </span>
    </p>

    <p class='ocr_par' dir='ltr' id='par_1_5' title="bbox 276 1641 1967 1685">
     <span class='ocr_line' id='line_1_15' title="bbox 276 1641 1967 1685; baseline 0.002 -5"><span class='ocrx_word' id='word_1_144' title='bbox 276 1642 286 1661; x_wconf 89' lang='lat'>‘</span> <span class='ocrx_word' id='word_1_145' title='bbox 300 1652 515 1680; x_wconf 83' lang='lat' dir='ltr'><strong>SIGILLUM</strong></span> <span class='ocrx_word' id='word_1_146' title='bbox 539 1672 547 1681; x_wconf 93' lang='lat'><strong>.</strong></span> <span class='ocrx_word' id='word_1_147' title='bbox 571 1652 786 1681; x_wconf 82' lang='lat' dir='ltr'><strong>EDWARDI</strong></span> <span class='ocrx_word' id='word_1_148' title='bbox 809 1673 818 1682; x_wconf 88' lang='lat'><strong><em>.</em></strong></span> <span class='ocrx_word' id='word_1_149' title='bbox 841 1653 897 1681; x_wconf 85' lang='lat' dir='ltr'>LE</span> <span class='ocrx_word' id='word_1_150' title='bbox 920 1673 929 1682; x_wconf 94' lang='lat'>.</span> <span class='ocrx_word' id='word_1_151' title='bbox 954 1654 1207 1682; x_wconf 82' lang='lat' dir='ltr'>DESPENSER</span> <span class='ocrx_word' id='word_1_152' title='bbox 1229 1673 1443 1683; x_wconf 92' lang='grc'><strong>.......</strong></span> <span class='ocrx_word' id='word_1_153' title='bbox 1465 1654 1683 1682; x_wconf 79' lang='lat' dir='ltr'>AMORGAN</span> <span class='ocrx_word' id='word_1_154' title='bbox 1705 1671 1716 1685; x_wconf 84' lang='lat'><strong>.</strong></span> <span class='ocrx_word' id='word_1_155' title='bbox 1738 1655 1761 1682; x_wconf 94' lang='lat' dir='ltr'>z</span> <span class='ocrx_word' id='word_1_156' title='bbox 1782 1673 1790 1682; x_wconf 89' lang='lat'>.</span> <span class='ocrx_word' id='word_1_157' title='bbox 1814 1641 1967 1684; x_wconf 84' lang='lat' dir='ltr'>MORG.’</span> 
     </span>
    </p>

    <p class='ocr_par' dir='ltr' id='par_1_6' title="bbox 208 1728 2096 1787">
     <span class='ocr_line' id='line_1_16' title="bbox 208 1728 2096 1787; baseline 0.002 -15"><span class='ocrx_word' id='word_1_158' title='bbox 208 1731 306 1772; x_wconf 79' lang='lat' dir='ltr'>Rev.</span> <span class='ocrx_word' id='word_1_159' title='bbox 366 1728 412 1771; x_wconf 91' lang='lat' dir='ltr'>A</span> <span class='ocrx_word' id='word_1_160' title='bbox 441 1729 578 1771; x_wconf 90' lang='lat' dir='ltr'>shield</span> <span class='ocrx_word' id='word_1_161' title='bbox 608 1729 653 1772; x_wconf 80' lang='lat' dir='ltr'>of</span> <span class='ocrx_word' id='word_1_162' title='bbox 688 1729 760 1772; x_wconf 88' lang='lat' dir='ltr'>the</span> <span class='ocrx_word' id='word_1_163' title='bbox 793 1745 907 1773; x_wconf 87' lang='lat' dir='ltr'>same</span> <span class='ocrx_word' id='word_1_164' title='bbox 942 1746 1068 1783; x_wconf 87' lang='lat' dir='ltr'>arms,</span> <span class='ocrx_word' id='word_1_165' title='bbox 1100 1731 1228 1787; x_wconf 88' lang='lat' dir='ltr'>slung</span> <span class='ocrx_word' id='word_1_166' title='bbox 1257 1730 1317 1786; x_wconf 83' lang='lat' dir='ltr'>by</span> <span class='ocrx_word' id='word_1_167' title='bbox 1346 1731 1419 1773; x_wconf 91' lang='lat' dir='ltr'>the</span> <span class='ocrx_word' id='word_1_168' title='bbox 1449 1731 1581 1787; x_wconf 86' lang='lat' dir='ltr'>guige</span> <span class='ocrx_word' id='word_1_169' title='bbox 1611 1746 1728 1787; x_wconf 91' lang='lat' dir='ltr'>upon</span> <span class='ocrx_word' id='word_1_170' title='bbox 1758 1747 1783 1773; x_wconf 88' lang='lat' dir='ltr'>a</span> <span class='ocrx_word' id='word_1_171' title='bbox 1811 1731 1963 1774; x_wconf 80' lang='lat' dir='ltr'>forked</span> <span class='ocrx_word' id='word_1_172' title='bbox 1993 1735 2096 1786; x_wconf 88' lang='lat' dir='ltr'>tree,</span> 
     </span>
    </p>

    <p class='ocr_par' dir='ltr' id='par_1_7' title="bbox 145 1818 1877 1956">
     <span class='ocr_line' id='line_1_17' title="bbox 145 1818 1877 1878; baseline 0.001 -16"><span class='ocrx_word' id='word_1_173' title='bbox 145 1819 300 1863; x_wconf 85' lang='lat' dir='ltr'>within</span> <span class='ocrx_word' id='word_1_174' title='bbox 321 1834 376 1861; x_wconf 91' lang='lat' dir='ltr'>an</span> <span class='ocrx_word' id='word_1_175' title='bbox 397 1818 660 1876; x_wconf 82' lang='lat' dir='ltr'>elaborately</span> <span class='ocrx_word' id='word_1_176' title='bbox 680 1822 822 1863; x_wconf 86' lang='lat' dir='ltr'>traced</span> <span class='ocrx_word' id='word_1_177' title='bbox 843 1820 982 1864; x_wconf 86' lang='lat' dir='ltr'>bilobe</span> <span class='ocrx_word' id='word_1_178' title='bbox 1004 1837 1050 1864; x_wconf 88' lang='lat' dir='ltr'>or</span> <span class='ocrx_word' id='word_1_179' title='bbox 1069 1822 1197 1878; x_wconf 86' lang='lat' dir='ltr'>panel</span> <span class='ocrx_word' id='word_1_180' title='bbox 1218 1821 1263 1864; x_wconf 82' lang='lat' dir='ltr'>of</span> <span class='ocrx_word' id='word_1_181' title='bbox 1284 1823 1441 1878; x_wconf 91' lang='lat' dir='ltr'>cusped</span> <span class='ocrx_word' id='word_1_182' title='bbox 1462 1821 1617 1864; x_wconf 78' lang='lat' dir='ltr'>Gothic</span> <span class='ocrx_word' id='word_1_183' title='bbox 1638 1822 1877 1878; x_wconf 88' lang='lat' dir='ltr'>openwork.</span> 
     </span>
     <span class='ocr_line' id='line_1_18' title="bbox 482 1913 1780 1956; baseline 0.002 -2"><span class='ocrx_word' id='word_1_184' title='bbox 482 1915 492 1933; x_wconf 89' lang='lat'>‘</span> <span class='ocrx_word' id='word_1_185' title='bbox 507 1926 723 1955; x_wconf 84' lang='lat' dir='ltr'>SIGILLUM</span> <span class='ocrx_word' id='word_1_186' title='bbox 746 1947 754 1955; x_wconf 92' lang='lat'><strong><em>.</em></strong></span> <span class='ocrx_word' id='word_1_187' title='bbox 779 1927 975 1954; x_wconf 74' lang='lat' dir='ltr'>CANCELL</span> <span class='ocrx_word' id='word_1_188' title='bbox 998 1945 1419 1955; x_wconf 90' lang='grc'><strong>.............</strong></span> <span class='ocrx_word' id='word_1_189' title='bbox 1443 1928 1502 1955; x_wconf 84' lang='lat' dir='ltr'>DE</span> <span class='ocrx_word' id='word_1_190' title='bbox 1524 1947 1534 1955; x_wconf 86' lang='lat'><strong>.</strong></span> <span class='ocrx_word' id='word_1_191' title='bbox 1557 1913 1780 1956; x_wconf 59' lang='lat' dir='ltr'>numm)</span> 
     </span>
    </p>
   </div>
   <div class='ocr_carea' id='block_1_3' title="bbox 204 2002 1074 2059">
    <p class='ocr_par' dir='ltr' id='par_1_8' title="bbox 204 2002 1074 2059">
     <span class='ocr_line' id='line_1_19' title="bbox 204 2002 1074 2059; baseline 0.001 -14"><span class='ocrx_word' id='word_1_192' title='bbox 204 2002 500 2046; x_wconf 87' lang='lat' dir='ltr'>Endorsed—‘</span> <span class='ocrx_word' id='word_1_193' title='bbox 517 2002 750 2059; x_wconf 88' lang='lat' dir='ltr'>Inquisicio</span> <span class='ocrx_word' id='word_1_194' title='bbox 770 2018 847 2059; x_wconf 90' lang='lat' dir='ltr'>pro</span> <span class='ocrx_word' id='word_1_195' title='bbox 876 2003 1074 2046; x_wconf 80' lang='lat' dir='ltr'>feloniis.&#39;</span> 
     </span>
    </p>
   </div>
   <div class='ocr_carea' id='block_1_4' title="bbox 158 2093 2085 2191">
    <p class='ocr_par' dir='ltr' id='par_1_9' title="bbox 158 2093 2085 2191">
     <span class='ocr_line' id='line_1_20' title="bbox 204 2093 2085 2136; baseline 0.002 -13"><span class='ocrx_word' id='word_1_196' title='bbox 204 2093 256 2122; x_wconf 78' lang='lat' dir='ltr'>Sir</span> <span class='ocrx_word' id='word_1_197' title='bbox 279 2093 406 2123; x_wconf 80' lang='lat' dir='ltr'>Gilbert</span> <span class='ocrx_word' id='word_1_198' title='bbox 427 2094 466 2123; x_wconf 87' lang='lat' dir='ltr'>de</span> <span class='ocrx_word' id='word_1_199' title='bbox 487 2093 653 2123; x_wconf 86' lang='lat' dir='ltr'>Ellesfield</span> <span class='ocrx_word' id='word_1_200' title='bbox 673 2103 784 2123; x_wconf 79' lang='lat' dir='ltr'>occurs</span> <span class='ocrx_word' id='word_1_201' title='bbox 805 2104 842 2123; x_wconf 86' lang='lat' dir='ltr'>as</span> <span class='ocrx_word' id='word_1_202' title='bbox 863 2094 983 2123; x_wconf 79' lang='lat' dir='ltr'>Sheriff</span> <span class='ocrx_word' id='word_1_203' title='bbox 1005 2094 1039 2123; x_wconf 91' lang='lat' dir='ltr'>in</span> <span class='ocrx_word' id='word_1_204' title='bbox 1062 2094 1128 2124; x_wconf 84' lang='lat' dir='ltr'>this</span> <span class='ocrx_word' id='word_1_205' title='bbox 1150 2103 1237 2124; x_wconf 86' lang='lat' dir='ltr'>same</span> <span class='ocrx_word' id='word_1_206' title='bbox 1262 2103 1340 2133; x_wconf 84' lang='lat' dir='ltr'>year</span> <span class='ocrx_word' id='word_1_207' title='bbox 1364 2094 1397 2124; x_wconf 88' lang='lat' dir='ltr'>in</span> <span class='ocrx_word' id='word_1_208' title='bbox 1419 2095 1562 2125; x_wconf 79' lang='lat' dir='ltr'>charters</span> <span class='ocrx_word' id='word_1_209' title='bbox 1585 2098 1620 2124; x_wconf 81' lang='lat' dir='ltr'>to</span> <span class='ocrx_word' id='word_1_210' title='bbox 1643 2095 1765 2125; x_wconf 82' lang='lat' dir='ltr'>Cardiff</span> <span class='ocrx_word' id='word_1_211' title='bbox 1785 2096 1850 2125; x_wconf 86' lang='lat' dir='ltr'>and</span> <span class='ocrx_word' id='word_1_212' title='bbox 1872 2096 2085 2136; x_wconf 82' lang='lat' dir='ltr'>Llantrisant,</span> 
     </span>
     <span class='ocr_line' id='line_1_21' title="bbox 158 2148 2082 2191; baseline 0.003 -13"><span class='ocrx_word' id='word_1_213' title='bbox 158 2148 354 2188; x_wconf 82' lang='lat' dir='ltr'>(MXVIII.‚</span> <span class='ocrx_word' id='word_1_214' title='bbox 370 2149 575 2188; x_wconf 67' lang='lat' dir='ltr'>MLXXIV„</span> <span class='ocrx_word' id='word_1_215' title='bbox 585 2149 809 2188; x_wconf 63' lang='lat' dir='ltr'>MCXXXH„</span> <span class='ocrx_word' id='word_1_216' title='bbox 819 2150 1014 2189; x_wconf 78' lang='lat' dir='ltr'>MCCXX.).</span> <span class='ocrx_word' id='word_1_217' title='bbox 1056 2151 1106 2180; x_wconf 84' lang='lat' dir='ltr'>He</span> <span class='ocrx_word' id='word_1_218' title='bbox 1120 2151 1185 2180; x_wconf 84' lang='lat' dir='ltr'>had</span> <span class='ocrx_word' id='word_1_219' title='bbox 1199 2152 1292 2181; x_wconf 87' lang='lat' dir='ltr'>lands</span> <span class='ocrx_word' id='word_1_220' title='bbox 1308 2151 1342 2180; x_wconf 88' lang='lat' dir='ltr'>in</span> <span class='ocrx_word' id='word_1_221' title='bbox 1357 2151 1455 2181; x_wconf 85' lang='lat' dir='ltr'>Wilts</span> <span class='ocrx_word' id='word_1_222' title='bbox 1469 2152 1533 2181; x_wconf 87' lang='lat' dir='ltr'>and</span> <span class='ocrx_word' id='word_1_223' title='bbox 1549 2151 1660 2190; x_wconf 81' lang='lat' dir='ltr'>Berks,</span> <span class='ocrx_word' id='word_1_224' title='bbox 1675 2153 1734 2181; x_wconf 87' lang='lat' dir='ltr'>but</span> <span class='ocrx_word' id='word_1_225' title='bbox 1749 2152 1825 2182; x_wconf 79' lang='lat' dir='ltr'>does</span> <span class='ocrx_word' id='word_1_226' title='bbox 1840 2155 1898 2182; x_wconf 80' lang='lat' dir='ltr'>not</span> <span class='ocrx_word' id='word_1_227' title='bbox 1912 2162 2033 2191; x_wconf 83' lang='lat' dir='ltr'>appear</span> <span class='ocrx_word' id='word_1_228' title='bbox 2047 2162 2082 2183; x_wconf 84' lang='lat' dir='ltr'>as</span> 
     </span>
    </p>
   </div>
   <div class='ocr_carea' id='block_1_5' title="bbox 154 2204 602 2243">
    <p class='ocr_par' dir='ltr' id='par_1_10' title="bbox 154 2204 602 2243">
     <span class='ocr_line' id='line_1_22' title="bbox 154 2204 602 2243; baseline 0.002 -9"><span class='ocrx_word' id='word_1_229' title='bbox 154 2214 174 2234; x_wconf 85' lang='lat' dir='ltr'>a</span> <span class='ocrx_word' id='word_1_230' title='bbox 190 2204 391 2243; x_wconf 80' lang='lat' dir='ltr'>Glamorgan</span> <span class='ocrx_word' id='word_1_231' title='bbox 405 2205 602 2236; x_wconf 85' lang='lat' dir='ltr'>landowner.</span> 
     </span>
    </p>
   </div>
   <div class='ocr_carea' id='block_1_6' title="bbox 344 3072 417 3106">
    <p class='ocr_par' dir='ltr' id='par_1_11' title="bbox 344 3072 417 3106">
     <span class='ocr_line' id='line_1_23' title="bbox 344 3072 417 3106; baseline 0 0"><span class='ocrx_word' id='word_1_232' title='bbox 344 3072 417 3106; x_wconf 68' lang='lat' dir='ltr'>TN</span> 
     </span>
    </p>
   </div>
  </div>
 </body>
</html>
