2386 3645
307 272 417 313 1582

303 477 568 520 Possessione
601 479 702 520 inde
742 479 973 521 deliberata
1008 479 1173 534 prefato
1202 479 1367 522 ΤΗΟΜΕ
1403 480 1595 522 LYDDYN
1627 481 1673 522 in
1708 482 1878 537 propria
1907 497 2085 537 persona
2112 498 2188 526 sua

245 570 335 610 tam
365 569 538 611 nomine
569 584 644 611 suo
680 584 808 624 quam
836 570 1079 612 nominibus
1114 574 1354 613 nostrorum
1387 571 1627 614 Oardinalis
1662 577 1704 614 et
1736 572 1956 614 MORGANI
1989 589 2064 628 per
2097 589 2190 629 pre-

245 659 407 701 dictum
428 659 703 702 EDWARDUM
724 661 769 702 in
790 662 960 717 propria
980 676 1157 717 persona
1184 677 1260 704 sua
1279 677 1327 704 ac
1356 678 1432 704 nos
1462 663 1617 718 prefati
1648 663 1887 706 Cardinalis
1916 664 2117 707 Momm<
2148 668 2191 708 et

245 749 435 792 THOMAS
475 751 669 793 dedimus
709 753 946 795 dimisimus
986 752 1259 795 liberavimus
1300 757 1342 795 et
1381 769 1457 809 per
1496 759 1654 796 cartam
1694 761 1883 796 nostram
1923 755 2190 799 indentatam

245 841 586 883 confirmavimus
625 842 802 897 prefatis
842 842 1075 886 EDWARDO
1116 843 1385 886 STRADLYNG
1425 845 1554 887 militi
1594 849 1635 887 et
1676 845 1705 888 J
1708 860 1885 889 οΗΑΝΝΙ
1926 862 2057 889 uxor-e
2097 848 2191 903 ejus

242 932 479 987 predictum
500 924 738 975 manerium
759 949 854 975 cum
875 935 1145 989 pertinenciis
1161 939 1237 976 etc.
1301 935 1344 975 H
1351 934 1562 977 abendum
1580 939 1623 978 et
1636 937 1869 978 tenendum
1886 937 1945 979 eis
1960 940 2191 979 secundum

243 1023 332 1065 vim
353 1024 518 1066 firmam
540 1029 581 1066 et
603 1025 797 1066 effectum
818 1028 930 1066 carte
951 1028 1091 1067 nostre
1110 1026 1332 1067 indentate
1353 1026 1452 1067 inde
1474 1026 1631 1068 eisdem
1654 1026 1888 1069 EDWARDO
1909 1037 1952 1069 et
1971 1027 2001 1070 J
2003 1042 2190 1070 OHANNE

246 1115 354 1157 facte
377 1115 499 1171 cujus
520 1119 643 1157 tenor
663 1116 852 1171 sequitur
873 1116 916 1157 in
938 1115 1015 1157 hec
1036 1118 1163 1157 verba
1180 1131 1249 1158 :—

385 1207 444 1261 (3)
480 1207 709 1249 Universis
725 1208 912 1250 OHR1s'r1
928 1206 1125 1249 fidelibus
1140 1208 1195 1249 ad
1211 1223 1316 1262 quos
1328 1222 1498 1262 presens
1511 1208 1714 1263 scriptum
1729 1208 2001 1251 indentatum
2015 1225 2190 1264 perven-

330 1297 411 1339 erit
424 1297 664 1340 Hmmcns
679 1298 928 1340 BEAUFORD
944 1298 1028 1339 Dei
1041 1298 1180 1353 gratia
1195 1298 1432 1340 Cardinalis
1445 1298 1598 1341 ANem
1608 1314 1629 1339 E
1645 1302 1687 1340 et
1700 1299 1919 1355 episcopus
1933 1300 2192 1343 WYNTONIE

332 1388 531 1429 MORGAN
554 1403 607 1443 ap
631 1388 661 1430 J
664 1403 822 1430 ANKYN
854 1388 1016 1431 KEMYS
1037 1393 1078 1430 et
1101 1389 1291 1432 THoMAs
1312 1389 1505 1431 LYDDYN
1532 1390 1712 1432 salutem
1742 1390 1788 1431 in
1819 1391 2007 1433 Domino
2038 1391 2191 1447 sempi-

331 1481 510 1521 ternam.
572 1479 789 1521 Noveritis
821 1495 897 1521 nos
926 1480 1149 1522 tradidisse
1178 1481 1385 1523 dimisisse
1416 1481 1613 1523 liberasse
1649 1485 1691 1523 et
1711 1481 1790 1523 hac
1821 1482 2006 1537 presenti
2038 1483 2192 1538 scripto

331 1573 473 1612 nostro
495 1570 716 1612 indentato
737 1572 1003 1613 confirmasse
1034 1572 1268 1613 Enwfflno
1299 1571 1569 1614 STRADLYNG
1597 1572 1725 1613 militi
1747 1575 1789 1614 et
1819 1572 1848 1614 J
1851 1586 2038 1614 OHANNE
2070 1574 2194 1616 uxori

330 1661 424 1717 ejus
463 1662 700 1704 manerium
733 1663 786 1703 de
822 1662 1012 1703 LANFEY
1051 1677 1147 1704 cum
1183 1662 1456 1718 pertinenciis
1490 1662 1605 1704 infra
1639 1663 1879 1705 dominium
1912 1664 1963 1705 de
2001 1663 2192 1706 OGMORE

332 1755 514 1806 quatuor
536 1757 748 1794 carucatas
769 1756 879 1795 terre
900 1754 1056 1809 viginti
1078 1755 1266 1809 quinque
1288 1769 1402 1795 acras
1435 1758 1477 1795 et
1499 1754 1723 1796 dimidiam
1744 1754 1857 1809 prati
1882 1758 2053 1796 centum
2081 1770 2197 1798 acras

330 1846 439 1884 terre
460 1843 632 1885 arabilis
653 1849 737 1886 tres
756 1860 872 1886 acras
903 1845 1017 1887 bosci
1053 1845 1210 1900 viginti
1243 1848 1426 1901 quatuor
1459 1860 1575 1887 acras
1607 1848 1777 1900 pasture
1814 1846 2039 1901 sexaginta
2075 1861 2192 1888 acras

330 1934 440 1975 vasti
478 1937 520 1976 et
555 1936 779 1991 sexaginta
809 1936 963 1978 solidos
994 1936 1127 1978 annui
1157 1937 1349 1978 redditus
1380 1951 1461 1991 que
1492 1951 1629 1991 nuper
1652 1935 1880 1978 habuimus
1916 1952 1969 1978 ex
2005 1938 2117 1979 dono
2153 1941 2195 1980 et

334 2024 609 2066 feoffamento
651 2027 828 2081 predicti
869 2027 1104 2069 EDwARm.
1184 2027 1448 2069 Habendum
1484 2030 1527 2069 et
1559 2028 1792 2069 tenendum
1829 2028 1972 2070 omnia
2007 2029 2197 2083 predicta

335 2116 572 2158 manerium
595 2132 691 2158 cum
711 2118 983 2173 pertinenciis
1003 2122 1185 2174 quatuor
1205 2120 1419 2160 carucatas
1451 2122 1560 2160 terre
1589 2118 1746 2173 viginti
1780 2119 1969 2174 quinque
2001 2135 2118 2161 acras
2153 2124 2195 2161 et

335 2206 557 2249 dimidiam
598 2209 709 2263 prati
739 2212 909 2251 centum
943 2225 1058 2252 acras
1090 2212 1200 2252 terre
1222 2209 1393 2251 arabilis
1428 2213 1512 2251 tres
1548 2224 1663 2251 acras
1688 2209 1800 2251 bosci
1828 2211 1985 2266 viginti
2016 2214 2198 2266 quatuor

335 2312 451 2339 acras
472 2302 642 2352 pasture
663 2300 887 2355 sexaginta
907 2315 1023 2342 acras
1043 2301 1151 2342 vasti
1172 2304 1213 2343 et
1254 2301 1477 2356 sexaginta
1513 2301 1668 2342 solidos
1705 2302 1838 2342 annui
1870 2302 2062 2344 redditus
2103 2318 2196 2358 pre-

333 2388 458 2430 dictis
478 2388 711 2431 EDWARDO
732 2394 773 2431 et
794 2390 823 2432 J
826 2405 1013 2433 OHANNE
1035 2392 1157 2434 uxori
1178 2392 1273 2447 ejus
1293 2395 1334 2434 et
1355 2391 1580 2434 heredibus
1604 2393 1656 2434 de
1687 2391 1930 2447 corporibus
1961 2394 2190 2435 eorundem

338 2478 563 2520 EnwAnm
585 2485 626 2521 et
647 2480 677 2522 J
679 2495 867 2523 OHANNE
899 2483 1089 2538 legitime
1121 2483 1348 2538 procreatis
1383 2484 1436 2524 de
1472 2482 1724 2537 capitalibus
1759 2483 1943 2525 dominis
1976 2483 2198 2525 feodorum

337 2569 508 2612 illorum
530 2586 604 2626 per
626 2571 798 2613 servicia
829 2573 927 2614 inde
959 2573 1103 2615 debita
1132 2577 1174 2616 et
1205 2575 1257 2615 de
1284 2573 1380 2630 jure
1415 2575 1627 2615 consueta.
1690 2573 1750 2615 Et
1782 2573 1816 2616 si
1848 2574 2070 2630 contingat
2104 2589 2196 2629 pre-

338 2660 500 2702 dictum
522 2661 796 2704 EDWARDUM
819 2667 862 2705 et
881 2664 910 2707 J
913 2678 1137 2706 OHANNEM
1160 2665 1248 2707 sine
1269 2664 1495 2706 heredibus
1515 2665 1567 2705 de
1589 2679 1732 2707 eorum
1752 2665 1994 2720 corporibus
2009 2664 2200 2721 legitime

339 2752 565 2806 procreatis
586 2752 700 2795 obire
722 2756 835 2809 quod
857 2758 960 2797 tunc
981 2755 1124 2797 omnia
1144 2756 1334 2811 predicta
1349 2755 1588 2797 manerium
1609 2770 1704 2796 cum
1726 2756 2001 2810 pertinenciis
2035 2756 2200 2811 integre

338 2845 586 2884 remaneant
606 2843 730 2885 rectis
745 2843 971 2887 heredibus
991 2846 1169 2900 predicti
1190 2845 1415 2887 EDWARDI
1433 2846 1666 2887 tenendum
1683 2846 1735 2887 de
1749 2845 2000 2901 capitalibus
2017 2845 2200 2887 dominis

338 2931 559 2974 feodorum
580 2933 752 2975 illorum
772 2949 846 2989 per
867 2937 1041 2978 servicia
1061 2937 1161 2978 inde
1183 2937 1327 2979 debita
1349 2940 1390 2979 et
1418 2939 1470 2979 de
1495 2937 1591 2992 jure
1624 2941 1835 2978 consueta.
1897 2936 1952 2978 In
1986 2937 2109 2992 cujus
2138 2936 2199 2978 rei

338 3023 631 3065 testimonium
652 3039 728 3067 nos
748 3026 903 3081 prefati
926 3026 1167 3070 HENRICUS
1188 3027 1390 3071 MORGAN
1413 3031 1455 3070 et
1476 3027 1665 3070 THOMAS
1696 3027 1795 3069 huic
1828 3027 2015 3083 presenti
2046 3027 2199 3083 scripto
