2386 3645
1902 312 2008 354 1471

124 519 384 575 parochiales
404 520 458 561 de
488 519 742 561 PENTHLYN
763 518 816 560 de
836 517 1003 560 AVENE
1024 520 1067 559 et
1088 518 1141 559 de
1171 516 1475 560 LANGWNETH
1495 518 1606 560 dicte
1627 519 1800 561 diocesis
1819 533 1982 561 necnon
2013 519 2067 561 ad

124 610 444 666 percipiendum
465 616 508 651 et
527 609 787 665 exigendum
808 609 941 650 certas
961 608 1145 649 decimas
1164 608 1279 649 infra
1305 607 1463 650 dictam
1493 608 1690 650 diocesim
1719 608 2066 651 LANDAVENSEM

126 716 174 744 ac
206 701 300 743 aliis
330 701 377 742 in
412 700 525 743 dicta
559 714 684 742 causa
716 698 974 740 deducendis
1006 700 1048 740 et
1079 698 1212 753 ipsius
1246 698 1460 741 occasione
1492 698 1569 740 uni
1604 714 1657 740 ex
1686 699 1995 742 venerabilibus
2025 704 2068 742 et

124 791 436 847 circumspectis
455 790 558 833 viris
578 789 707 832 vestri
727 788 834 831 sacri
854 788 1013 831 Palatii
1033 789 1252 844 apostolici
1273 803 1493 831 causarum
1513 789 1778 831 auditoribus
1808 789 2067 832 committere

127 883 388 925 audiendum
408 881 747 938 cognoscendum
768 882 811 921 et
831 879 915 922 fine
945 878 1088 922 debito
1117 879 1436 922 terminandum
1466 894 1562 922 cum
1592 879 1788 922 omnibus
1817 882 1860 922 et
1889 880 2070 936 singulis

126 974 212 1016 suis
239 971 555 1028 emergentibus
585 969 922 1027 dependentibus
951 969 1271 1013 moderantibus
1302 974 1344 1012 et
1374 970 1574 1013 connexis
1605 1004 1614 1013 .
1647 969 1708 1012 Et
1738 985 1835 1012 cum
1863 973 2070 1026 potestate

124 1064 285 1107 citandi
315 1063 478 1106 dictum
506 1063 788 1104 reverendum
817 1063 982 1116 patrem
1012 1061 1254 1116 episcopum
1284 1060 1632 1103 LANDAVENSEM
1663 1076 1711 1103 ac
1741 1076 1885 1103 omnes
1905 1060 2008 1103 alios
2028 1064 2070 1103 et

125 1155 316 1211 singulos
347 1169 423 1196 sua
452 1153 654 1195 interesse
673 1155 874 1208 putantes
903 1152 949 1194 in
980 1152 1178 1194 Romana
1199 1152 1315 1194 curia
1335 1154 1376 1194 et
1398 1154 1518 1194 extra
1539 1151 1733 1208 quotiens
1763 1166 1868 1207 opus
1897 1151 2026 1193 fuerit
2059 1185 2068 1193 .

125 1246 228 1290 Non
261 1245 453 1288 obstante
490 1245 605 1300 quod
639 1259 764 1286 causa
793 1243 1043 1299 hujusmodi
1072 1258 1158 1285 non
1192 1243 1244 1285 sit
1277 1243 1421 1286 forsan
1456 1243 1509 1285 de
1539 1258 1615 1285 sua
1643 1245 1798 1285 natura
1827 1244 1882 1284 ad
1912 1243 2072 1285 curiam

125 1337 368 1381 Romanam
399 1336 592 1392 legitime
625 1335 825 1377 devoluta
859 1349 933 1377 seu
964 1334 1010 1376 in
1046 1336 1193 1376 eadem
1229 1335 1280 1376 de
1316 1334 1425 1390 juris
1455 1334 1702 1376 necessitate
1734 1334 1956 1376 tractanda
1985 1333 2072 1376 sive

123 1428 334 1471 facienda.

183 1519 241 1562 In
269 1519 354 1561 fine
384 1532 483 1560 vero
523 1517 634 1560 dicte
662 1516 964 1559 commissionis
995 1517 1081 1558 sive
1122 1516 1440 1571 supplicationis
1480 1516 1626 1558 cedule
1666 1516 1821 1571 scripta
1860 1519 1981 1557 erant
2019 1516 2072 1558 de

124 1610 298 1653 alterius
327 1624 481 1651 manus
510 1609 655 1651 littera
685 1607 890 1663 superiori
920 1607 1062 1649 littere
1092 1607 1224 1663 ipsius
1254 1607 1399 1649 ceduie
1429 1606 1601 1662 penitus
1622 1609 1664 1649 et
1684 1606 1857 1649 omnino
1878 1605 2072 1648 dissimili

123 1704 167 1745 et
196 1702 362 1744 diversa
391 1700 469 1743 hec
498 1699 627 1742 verba
655 1699 853 1741 videlicet
883 1699 962 1741 ‘de
991 1699 1193 1740 mandato
1224 1698 1386 1740 domini
1407 1697 1541 1740 nostri
1563 1697 1679 1753 Pape
1701 1697 1848 1739 audiat
1867 1697 2070 1753 magister

122 1792 356 1836 NlcOLAUs
378 1792 479 1834 citet
499 1793 550 1833 ut
569 1790 731 1847 petitur
752 1793 795 1833 et
813 1790 1028 1846 justitiam
1047 1789 1203 1831 fatiat?

182 1884 286 1926 Post
317 1883 441 1939 cujus
468 1883 642 1938 quidem
670 1881 974 1924 commissionis
1004 1881 1090 1923 sive
1119 1880 1438 1936 supplicationis
1466 1880 1612 1922 cedule
1642 1879 1997 1935 presentationem
2027 1882 2070 1921 et

123 1975 407 2031 receptionem
427 1974 591 2016 fuimus
611 1988 686 2028 per
702 1973 931 2015 discretum
946 1972 1086 2014 virum
1099 1971 1353 2027 magistrum
1368 1971 1397 2014 J
1400 1985 1625 2012 OHANNEM
1641 1970 1858 2012 BLODUEL
1875 1970 2071 2012 clericum

122 2066 395 2109 ASSAVENSIS
416 2064 590 2107 diocesis
609 2065 655 2106 in
677 2064 874 2107 Romana
893 2063 1009 2106 curia
1030 2065 1343 2118 procuratorem
1364 2064 1406 2104 et
1427 2062 1637 2104 dictorum
1657 2061 1820 2103 domini
1839 2061 1868 2103 J
1871 2075 2070 2103 OHANNIS

123 2157 288 2200 abbatis
318 2159 361 2198 et
390 2159 622 2198 conventus
652 2154 896 2196 monasterii
925 2153 1048 2196 beate
1079 2153 1238 2195 MAROE
1270 2153 1322 2195 de
1362 2152 1564 2195 Momm
1606 2152 1717 2194 dicte
1747 2151 2069 2193 LANDAVENSIS

122 2248 297 2291 diocesis
316 2246 617 2303 principalium
637 2246 684 2288 in
705 2246 819 2288 dicta
848 2244 970 2288 nobis
1000 2245 1114 2287 facta
1143 2247 1185 2286 et
1205 2246 1447 2300 presentata
1468 2243 1759 2286 commissione
1779 2241 2069 2298 principaliter

121 2339 438 2382 nominatorum
467 2340 781 2393 procuratorem
811 2339 937 2392 prout
968 2338 1020 2378 de
1043 2351 1115 2378 sue
1146 2334 1451 2390 procurationis
1470 2335 1674 2376 mandato
1694 2332 1816 2375 nobis
1844 2332 2068 2388 legittimis

122 2429 342 2473 constabat
361 2431 489 2484 atque
511 2430 675 2470 constat
694 2427 959 2469 documentis
979 2441 1119 2469 coram
1139 2425 1261 2468 nobis
1281 2425 1559 2468 constitutum
1580 2423 1724 2466 debita
1746 2438 1841 2465 cum
1862 2423 2066 2465 instantia

121 2520 314 2576 requisiti
344 2522 554 2574 quatenus
588 2518 669 2561 sibi
692 2518 938 2560 citationem
968 2520 1088 2560 extra
1123 2518 1363 2559 Romanam
1397 2515 1557 2557 curiam
1590 2518 1632 2558 et
1664 2515 1719 2556 ad
1748 2517 1888 2570 partes
1923 2518 2068 2556 contra

121 2614 165 2655 et
194 2613 393 2654 adversus
422 2610 701 2652 reverendum
730 2612 894 2664 patrem
925 2609 1147 2651 dominum
1178 2607 1206 2650 J
1209 2621 1434 2650 OHANNEM
1462 2607 1703 2662 episcopum
1723 2605 2068 2647 LANDAVENSEM

121 2718 175 2745 ex
195 2703 370 2744 adverso
390 2700 668 2756 principalem
689 2700 818 2742 etiam
838 2699 883 2741 in
905 2699 1120 2741 antedicta
1149 2697 1271 2741 nobis
1299 2698 1414 2739 facta
1444 2700 1486 2739 et
1515 2699 1757 2752 presentata
1778 2695 2067 2738 commissione

125 2808 178 2835 ex
209 2793 383 2834 adverso
413 2789 704 2846 principaliter
732 2789 1003 2831 nominatum
1033 2804 1261 2844 omnesque
1289 2787 1393 2830 alios
1412 2790 1456 2830 et
1475 2787 1664 2842 singulos
1684 2801 1864 2841 quorum
1893 2785 2068 2827 interest

119 2884 188 2926 vel
218 2882 292 2938 qui
313 2896 388 2923 sua
407 2880 654 2936 putaverint
673 2880 876 2922 interesse
896 2882 986 2921 tam
1007 2878 1270 2935 conjunctim
1295 2892 1423 2933 quam
1445 2876 1614 2919 divisim
1634 2876 1761 2932 juxta
1776 2875 1865 2917 vim
1885 2875 2066 2917 formam

119 2977 163 3018 et
180 2976 371 3016 tenorem
384 2970 686 3014 commissionis
701 2973 963 3025 presentaret
982 2970 1104 3012 nobis
1124 2974 1173 3011 ut
1192 2968 1456 3025 premittitur
1470 2968 1709 3023 presentate
1724 2967 1770 3008 in
1786 2965 1923 3008 forma
1943 2966 2066 3008 solita

119 3067 162 3107 et
181 3065 381 3107 consueta
401 3063 623 3104 decernere
653 3064 696 3103 et
725 3061 950 3104 concedere
971 3060 1258 3117 dignaremur.
