2386 3645
264 290 376 332 1362

199 497 439 553 incorpores
460 500 503 540 et
522 499 722 540 annectas
755 530 763 540 .
796 497 868 540 Ita
888 497 1002 553 quod
1023 496 1196 539 cedente
1217 496 1284 539 vel
1305 496 1534 538 decedente
1554 497 1712 537 rectore
1732 494 1865 550 ipsius
1886 494 2055 536 ecclesie
2076 494 2150 550 qui

200 603 315 630 nunc
335 590 398 630 est
414 588 481 630 vel
502 589 681 630 eandem
697 588 913 630 ecclesiam
934 588 1038 629 alias
1059 586 1376 643 quomodolibet
1396 586 1640 628 dimittente
1660 585 1786 627 liceat
1805 584 1983 640 prefatis
2002 584 2148 626 abbati

204 681 248 722 et
278 679 505 722 conventui
533 679 666 735 ipsius
701 679 870 721 ecclesie
905 678 1156 720 auctoritate
1191 677 1361 733 propria
1396 680 1437 719 et
1473 676 1656 732 alicujus
1695 675 1871 717 licencia
1914 690 2038 730 super
2072 675 2151 717 1100

211 769 388 812 minime
422 770 625 826 requisita
660 769 963 825 possessionem
1000 768 1315 824 apprehendere
1351 771 1393 810 et
1427 774 1631 823 perpetuo
1666 767 1848 809 retinere
1880 799 1888 808 .
1923 766 2156 808 Reservata

209 865 354 904 tamen
376 862 429 904 de
449 861 698 918 hujusmodi
718 859 927 903 fructibus
947 859 1184 902 redditibus
1205 862 1246 901 et
1276 859 1551 915 proventibus
1573 858 1741 900 ecclesie
1761 857 1948 913 predicte
1969 871 2157 913 congrua

206 953 405 1009 porcione
437 967 510 1008 pro
540 954 745 1008 perpetuo
775 951 930 993 vicario
960 951 1006 992 in
1037 951 1186 992 eadem
1219 950 1390 992 ecclesia
1421 950 1593 992 domino
1623 951 1827 1004 perpetuo
1858 948 2078 999 servituro,
2101 948 2153 989 de

209 1059 294 1099 qua
313 1043 445 1099 possit
467 1058 652 1099 congrue
673 1041 901 1084 sustentari
931 1041 1183 1097 episcopalia
1209 1040 1308 1096 jura
1338 1041 1497 1082 solvere
1518 1044 1560 1082 et
1591 1040 1675 1082 alia
1701 1038 1995 1081 incumbencia
2030 1053 2158 1080 onera

205 1137 452 1190 supportare
469 1167 477 1175 .
497 1133 543 1176 N
545 1148 600 1176 on
621 1133 887 1175 obstantibus
907 1131 1281 1174 constitutionibus
1296 1131 1537 1187 apostolicis
1554 1131 1774 1173 contrariis
1791 1129 2126 1185 quibuscumque
2144 1163 2152 1171 .

206 1223 301 1267 Aut
335 1224 370 1266 si
405 1224 538 1280 aliqui
568 1239 693 1280 super
722 1222 1031 1279 provisionibus
1061 1222 1141 1265 sibi
1172 1222 1379 1264 faciendis
1407 1223 1459 1264 de
1479 1221 1729 1277 hujusmodi
1760 1221 1941 1263 ecclesiis
1971 1220 2040 1262 vel
2062 1219 2157 1262 aliis

208 1315 421 1358 beneficiis
441 1314 727 1357 ecclesiasticis
756 1314 803 1355 in
833 1313 917 1355 illis
944 1313 1136 1369 partibus
1167 1313 1385 1369 generales
1413 1313 1481 1355 vel
1509 1312 1707 1367 speciales
1738 1311 1925 1367 predicte
1956 1311 2066 1353 sedis
2086 1311 2154 1353 vel

207 1407 447 1462 legatorum
468 1405 562 1462 ejus
580 1405 744 1447 litteras
763 1404 1034 1461 impetrarint
1051 1404 1185 1446 eciam
1207 1403 1242 1445 si
1257 1419 1332 1460 per
1352 1418 1421 1446 eas
1437 1404 1492 1445 ad
1506 1402 1811 1445 inhibicionem
1827 1403 2159 1445 reservacionem

208 1500 252 1540 et
278 1498 493 1539 decretum
525 1497 591 1539 vel
618 1496 721 1539 alias
752 1495 1069 1552 quomodolibet
1096 1495 1152 1537 sit
1175 1510 1427 1551 processum,
1460 1510 1565 1550 quas
1595 1494 1768 1550 quidem
1796 1494 1961 1537 litteras
1991 1496 2034 1536 et
2062 1509 2159 1550 pro-

208 1603 344 1630 cessus
378 1587 545 1630 habitos
580 1603 654 1643 per
686 1587 854 1629 easdem
890 1587 944 1628 ad
984 1586 1201 1628 ecclesiam
1235 1585 1472 1642 predictam
1502 1585 1699 1627 volumus
1741 1600 1828 1626 non
1864 1585 2052 1636 extendi,
2084 1585 2158 1627 sed

207 1679 377 1721 nullum
404 1694 479 1735 per
506 1679 585 1720 1100
610 1679 669 1720 eis
697 1692 780 1733 quo
812 1679 867 1720 ad
897 1677 1206 1720 assecucionem
1231 1677 1499 1719 ecclesiarum
1531 1679 1607 1718 aut
1637 1676 1938 1718 beneficiorum
1975 1676 2156 1719 aliorum

207 1770 494 1827 prejudicium
521 1769 728 1826 generari,
756 1772 799 1811 et
825 1768 1085 1824 quibuslibet
1105 1768 1200 1811 aliis
1224 1768 1459 1824 privilegiis
1486 1767 1773 1824 indulgenciis
1801 1770 1842 1809 et
1863 1767 2017 1809 litteris
2037 1782 2158 1823 apos-

205 1862 341 1903 tolicis
382 1861 652 1917 generalibus
694 1861 759 1902 vel
800 1859 1051 1915 specialibus
1092 1873 1454 1915 quorumcumque
1495 1861 1692 1901 tenorum
1733 1858 1918 1900 existant
1959 1873 2035 1914 per
2076 1873 2158 1913 que

207 1952 472 2008 presentibus
492 1967 579 1994 non
601 1967 795 2007 expressa
816 1952 883 1994 vel
903 1951 1094 1993 totaliter
1114 1966 1201 1992 11011
1220 1951 1379 1992 inserta
1410 1950 1581 1991 effectus
1609 1964 1755 1991 earum
1785 1949 1985 2004 impediri
2016 1950 2156 1991 valeat

209 2044 527 2100 quomodolibet
556 2044 624 2086 vel
648 2044 813 2085 differri
840 2048 882 2086 et
913 2044 965 2085 de
994 2042 1148 2098 quibus
1175 2056 1440 2098 quorumque
1461 2041 1562 2084 totis
1581 2039 1800 2083 tenoribus
1820 2040 2018 2082 habenda
2039 2040 2094 2083 sit
2114 2041 2160 2083 in

209 2137 364 2179 nostris
384 2136 537 2178 litteris
557 2136 721 2178 mencio
743 2136 935 2191 specialis
967 2168 977 2178 .
1009 2135 1102 2178 Nos
1117 2135 1232 2176 enim
1255 2149 1423 2176 exnunc
1442 2133 1614 2175 irritum
1633 2132 1900 2175 decernimus
1916 2135 1958 2174 et
1978 2133 2107 2175 inane
2129 2132 2164 2175 si

212 2243 329 2270 secus
357 2243 481 2283 super
511 2228 594 2270 hiis
621 2243 646 2270 a
677 2242 891 2283 quoquam
922 2226 1071 2282 quavis
1099 2226 1349 2269 auctoritate
1378 2224 1556 2267 scienter
1577 2224 1647 2266 vel
1666 2223 1916 2280 ignoranter
1937 2224 2165 2279 contigerit

216 2320 476 2376 attemptari.

273 2411 432 2453 Datem
460 2410 667 2453 NEAPoLr
696 2411 809 2467 apud
836 2410 1044 2466 majorem
1069 2409 1285 2451 ecclesiam
1310 2407 1678 2451 NEAPOLITANAM
1701 2439 1710 2447 .
1733 2405 1825 2448 III.
1848 2405 2035 2448 Kalend'
2060 2405 2169 2449 Maii

215 2502 495 2545 Pontificatus
515 2502 649 2545 nostri
670 2517 782 2544 anno
805 2502 996 2558 septimo.
1063 2501 1140 2558 [29
1162 2500 1303 2556 April,
1329 2497 1480 2554 1384]

275 2593 378 2635 Post
399 2608 579 2649 quarum
601 2593 774 2648 quidem
794 2593 1034 2636 litterarum
1054 2591 1380 2648 apostolicarum
1399 2588 1687 2644 reeepcionem
1714 2587 1876 2630 fuimus
1907 2602 1982 2643 per
2001 2590 2168 2644 partem

218 2683 428 2726 dictorum
456 2682 621 2725 abbatis
645 2687 687 2725 et
715 2686 947 2725 conventus
973 2683 1166 2739 legitime
1193 2680 1386 2737 requisiti
1414 2682 1464 2721 ut
1485 2679 1540 2721 ad
1560 2693 1706 2720 earum
1727 2677 2022 2720 execucionem
2042 2678 2170 2734 juxta

218 2778 410 2818 tenorem
437 2775 667 2817 eorundem
694 2775 916 2830 procedere
946 2775 1225 2830 dignaremur
1255 2787 1302 2814 00
1323 2771 1526 2813 unionem
1546 2769 1932 2825 incorporacionem
1953 2772 1996 2811 et
2016 2784 2170 2811 annec-

220 2866 383 2908 cionem
402 2865 674 2921 infrascripta
700 2865 874 2907 licencia
899 2880 1025 2921 super
1051 2864 1130 2906 hoc
1150 2878 1175 2905 a
1196 2862 1369 2905 domino
1389 2864 1532 2903 nostro
1555 2860 1676 2917 Rege
1697 2859 1881 2903 ANGLIE
1904 2875 1978 2916 per
2000 2861 2168 2903 eosdem

220 2956 418 2999 abbatem
448 2959 490 2998 et
520 2958 776 2999 conventum
805 2956 850 2997 in
881 2956 959 2998 hac
988 2959 1108 3012 parte
1138 2954 1273 3011 petita
1302 2953 1501 3010 primitus
1532 2954 1574 2994 et
1608 2950 1783 2993 obtenta
1814 2950 1942 3007 juxta
1979 2950 2169 3007 ipsarum

221 3048 461 3090 litterarum
497 3047 820 3103 apostolicarum
852 3046 1118 3103 exigenciam
1149 3046 1287 3088 facere
1322 3047 1365 3087 et
1399 3043 1484 3086 alia
1517 3042 1563 3084 in
1597 3042 1720 3084 dictis
1746 3041 1901 3084 litteris
1933 3041 2172 3098 apostolicis
