2386 3645
329 236 440 278 1564

265 458 363 485 cum
383 441 651 498 pertinentiis
671 440 830 482 curiam
852 441 904 482 de
926 438 1286 483 WODELEYSTILE
1308 441 1350 480 et
1380 452 1476 480 cum
1496 437 1766 493 pertinentiis
1795 437 1981 479 diversas
2011 437 2214 492 pai-cellas

263 538 430 576 vocatas
479 533 778 575 BRANDOWNE
818 531 1180 573 Lirnnnommnn
1221 533 1262 571 et
1303 529 1708 570 MicHELHOLMEDE
1750 528 1988 570 adinvicem
2026 528 2214 584 jacentes

263 624 402 667 ADAM
434 623 623 666 OROFTIS
654 626 696 664 et
726 621 1101 664 SPODELLESLOND
1134 620 1435 662 ROGGESLOND
1486 619 1791 661 STOGESCROFT
1849 618 2216 661 BARBELISOROFT

262 714 618 756 PORTERESLOND
659 713 705 754 in
749 714 1074 754 ADAMSDOWNE
1111 709 1418 752 TOURESMEDE
1460 709 1736 751 SEfflRSHILL
1773 724 1870 751 cum
1903 724 2049 751 eorum
2084 711 2214 765 perti-

263 804 421 847 nentiis
438 805 485 846 in
505 804 619 846 dicta
648 803 871 845 MARCHIA
902 801 1098 845 WALLiE
1120 804 1163 842 et
1183 804 1267 842 tres
1296 815 1412 842 acras
1446 803 1556 842 terre
1588 799 1777 855 jacentes
1810 799 1937 855 juxta
1970 800 2214 843 DEPYNGE-

266 910 431 938 PUTTES
482 898 663 950 quatuor
714 909 829 936 acras
879 898 988 934 terre
1039 893 1255 947 quondam
1313 891 1341 934 J
1345 905 1545 932 OHANNIS
1595 891 1804 933 ATKINES
1853 891 2042 946 jacentes
2090 891 2219 947 juxta

268 986 669 1030 WERYNGTREWES
734 984 1042 1027 BACKEMEDES
1093 982 1423 1025 GRENEWARDE
1484 981 1936 1024 DOGOWYLDESCROFT
1986 985 2030 1024 et
2090 982 2120 1025 J
2123 997 2217 1025 OHN

261 1077 616 1119 MERIKESCROFT
666 1077 711 1117 in
753 1075 973 1117 MARCHIA
1015 1074 1205 1129 predicta
1246 1088 1328 1128 (1116
1369 1076 1469 1114 sunt
1508 1072 1689 1127 parcelle
1724 1073 1904 1128 predicti
1944 1073 2123 1116 dominii
2163 1075 2216 1116 de

258 1168 546 1211 GLAMORGAN
588 1181 684 1209 cum
724 1165 994 1221 pertinentiis
1034 1179 1198 1206 necnon
1238 1163 1365 1206 feoda
1397 1163 1548 1205 militis
1580 1167 1623 1205 et
1653 1166 1794 1219 partes
1835 1163 1951 1206 feodi
1986 1164 2136 1207 militis
2171 1169 2214 1207 et

259 1258 554 1301 advocationes
575 1259 797 1299 domorum
824 1256 1119 1311 religiosarum
1145 1258 1187 1296 et
1212 1254 1482 1296 ecclesiarum
1508 1269 1605 1296 cum
1640 1254 1909 1309 pertinentiis
1943 1255 1989 1296 in
2025 1255 2215 1310 predicta

260 1350 465 1393 comitatu
484 1348 807 1391 GLOUCESTRIAE
824 1351 865 1389 et
882 1346 1103 1388 MARCHIA
1120 1345 1318 1388 WALLIE
1334 1345 1473 1387 eidem
1490 1345 1711 1387 comitatui
1727 1345 1951 1401 adjacente
1968 1346 2214 1403 subscripta.

260 1441 473 1484 Videlicet
503 1441 587 1481 tria
614 1439 740 1481 feoda
768 1442 810 1480 et
839 1438 1111 1480 medietatem
1139 1436 1309 1479 dimidii
1339 1437 1455 1478 feodi
1482 1436 1633 1478 militis
1660 1437 1706 1478 in
1731 1436 1922 1479 DYNNYS
1948 1437 2107 1479 Powys
2135 1453 2218 1494 que

258 1531 287 1575 J
290 1545 499 1573 OHANNES
557 1531 610 1572 de
681 1529 866 1571 sommus
917 1529 1132 1584 quondam
1186 1529 1327 1569 tenuit
1381 1542 1462 1582 (1116
1506 1528 1561 1569 ad
1614 1530 1751 1570 xxxli.
1811 1529 2101 1570 extenduntur
2140 1544 2216 1584 per

258 1637 420 1664 annum
450 1636 547 1663 cum
576 1619 877 1671 accidentibus,
913 1620 998 1661 duo
1032 1619 1155 1660 feoda
1190 1618 1340 1660 militis
1375 1618 1421 1659 in
1463 1617 1618 1659 GOGAN
1661 1633 1742 1673 que
1779 1617 2019 1661 JOHANNES
2058 1619 2213 1662 comm

257 1714 473 1771 quondam
511 1712 652 1753 tenuit
686 1713 727 1753 et
771 1726 853 1766 (1116
893 1711 947 1751 ad
987 1713 1092 1751 xxli.
1136 1710 1428 1751 extenduntur
1463 1724 1538 1764 per
1574 1724 1736 1751 annum
1773 1724 1870 1752 cum
1911 1710 2212 1763 accidentibus,

256 1804 531 1847 medietatem
551 1801 668 1844 feodi
687 1802 734 1843 in
758 1800 1081 1844 WRENKESTON
1105 1814 1233 1855 quam
1253 1799 1283 1842 J
1286 1813 1476 1841 OHANNA
1497 1800 1549 1841 de
1583 1800 1742 1841 RALEY
1764 1801 1980 1855 quondam
2012 1802 2151 1844 tenm't
2171 1804 2215 1844 et

257 1896 312 1937 ad
342 1909 384 1936 x.
419 1908 578 1935 marcas
608 1891 854 1934 extenditur
884 1906 959 1947 per
988 1906 1152 1932 annum
1184 1905 1280 1932 cum
1311 1889 1612 1942 accidentibus,
1645 1890 1821 1933 feodum
1852 1891 1977 1933 um'us
1997 1892 2148 1934 mihtis
2167 1892 2214 1934 in

260 1985 438 2028 SULLEY
475 1983 588 2038 quod
624 1981 909 2025 WiLLELMUs
945 1982 997 2023 de
1032 1981 1315 2022 BREKEHOUS
1346 1981 1564 2036 quondam
1600 1980 1740 2022 tenuit
1776 1982 1890 2036 quod
1921 1983 1976 2023 ad
2007 1996 2040 2024 c,
2064 1983 2218 2026 solidos

260 2075 506 2119 extenditur
536 2089 611 2129 per
641 2088 803 2115 annum
835 2088 932 2114 cum
964 2071 1266 2123 accidentibus,
1307 2072 1391 2113 duo
1428 2071 1554 2113 feoda
1589 2071 1739 2113 militis
1774 2072 1820 2113 in
1864 2071 2066 2115 WONTFO
2096 2107 2103 2115 .
2137 2089 2220 2130 que

264 2167 548 2211 WILLELMUS
580 2165 630 2206 de
663 2163 789 2205 FFLE
825 2197 833 2205 .
869 2197 877 2205 .
914 2197 923 2204 .
956 2164 1175 2219 quondam
1205 2163 1348 2204 tenuit
1379 2165 1422 2204 et
1442 2163 1497 2204 ad
1528 2165 1600 2203 xli.
1634 2164 1927 2205 extenduntur
1955 2179 2031 2219 per
2059 2179 2223 2208 annum

267 2272 364 2300 cum
379 2255 679 2307 accidentibus,
697 2255 872 2297 feodum
885 2255 1013 2296 nnius
1027 2254 1178 2296 militis
1194 2254 1240 2295 in
1255 2253 1531 2296 OOYCHURCH
1552 2254 1667 2308 quod
1683 2253 1898 2296 PAGANUS
1915 2253 2224 2298 TURBERVYLL

265 2350 481 2405 quondam
510 2347 651 2388 tenuit
680 2349 723 2388 et
753 2347 807 2388 ad
838 2361 891 2388 cs.
925 2346 1172 2388 extenditur
1201 2361 1276 2401 per
1306 2360 1469 2387 annum
1500 2359 1597 2386 cum
1637 2345 1938 2398 accidentibus,
1977 2346 2060 2389 tria
2091 2347 2219 2390 feoda

268 2440 417 2483 militis
437 2439 482 2480 in
505 2438 676 2480 SANCTO
690 2437 930 2480 NICHOLAO
951 2452 1033 2493 (1116
1049 2437 1334 2480 WILLELMUS
1357 2436 1536 2478 OORBET
1560 2437 1777 2492 quondam
1793 2437 1933 2480 tenuit
1949 2441 1991 2480 et
2011 2439 2066 2480 ad
2082 2442 2219 2482 xxxli.

272 2533 562 2575 extenduntur
592 2545 667 2585 per
698 2545 861 2571 annum
892 2544 988 2571 oum
1029 2528 1330 2580 accidentibus,
1368 2531 1550 2584 quatuor
1580 2528 1706 2571 feoda
1736 2528 1886 2571 militis
1915 2529 1960 2571 in
1991 2529 2224 2573 PENMARK

271 2639 353 2679 que
375 2622 614 2665 HEchns
637 2622 689 2662 de
711 2620 1034 2662 HUMFREVILL
1057 2621 1274 2676 quondam
1296 2619 1437 2662 tenuit
1457 2623 1500 2661 et
1520 2634 1602 2674 que
1632 2620 1687 2660 ad
1708 2622 1809 2661 Lxlt'.
1843 2621 2134 2663 extenduntur
2153 2637 2229 2678 per

274 2729 435 2757 annum
461 2727 558 2754 cum
585 2711 891 2762 accidentibus,
922 2711 1196 2753 medietatem
1226 2710 1343 2752 feodi
1374 2710 1524 2752 mih'tis
1553 2710 1599 2751 in
1629 2709 1865 2752 memn
1897 2726 2025 2766 quam
2055 2711 2228 2755 111me

269 2821 350 2863 que
371 2805 457 2847 fuit
475 2819 583 2845 uxor
605 2802 853 2846 WILLELMI
875 2803 927 2845 de
954 2801 1150 2844 KERDYF
1182 2803 1398 2858 quondam
1429 2801 1568 2843 tenuit
1599 2804 1642 2843 et
1672 2816 1754 2857 que
1785 2803 1840 2843 ad
1870 2804 1944 2844 xli.
1977 2804 2223 2847 extenditur

269 2912 343 2953 per
364 2909 527 2938 annum
547 2909 644 2936 cum
665 2893 964 2945 accidentibus,
985 2893 1160 2935 feodum
1180 2893 1308 2934 unius
1327 2892 1478 2934 militis
1497 2892 1543 2934 in
1565 2892 1736 2934 SANCTO
1758 2892 1948 2935 FAGANo
1970 2896 2083 2949 quod
2104 2895 2224 2938 heres

273 2989 472 3031 Boooms
501 2985 541 3027 le
572 2984 703 3028 VEEL
734 2985 952 3040 quondam
983 2984 1136 3034 tenuit,
1169 2985 1283 3039 quod
1313 2984 1368 3025 ad
1399 2987 1504 3025 xxlz',
1538 2983 1785 3026 extenditur
1815 2999 1890 3039 per
1929 3000 2093 3027 annum
2129 3001 2226 3029 cum
