2386 3645
1920 303 2029 344 1485

1027 540 1219 583 MGXV.

202 650 416 695 GRANT
457 650 545 693 ΒΥ
584 648 752 693 JOHN
796 646 1223 690 BLONOAYNEL
1263 646 1339 689 To
1381 597 1631 690 iiossnirr
1672 646 1922 690 MONSEL
1964 648 2041 690 OF

796 738 971 782 LAND
1013 738 1086 780 IN
1125 737 1455 781 PENMAYN.
1487 710 1498 720 ’

993 845 1067 902 [G.
1092 845 1142 888 G.
1167 845 1242 902 R]
1753 844 1888 887 CIRCA
1912 846 2033 888 1420.

212 957 358 1000 Sciant
378 960 591 1013 presentes
611 958 654 998 et
680 954 818 997 futuri
838 955 952 1010 quod
972 969 1051 1010 ego
1072 953 1102 996 J
1104 968 1314 995 OHANNES
1335 953 1639 996 BLONCAYNEL
1660 953 1760 995 dedi
1779 957 1822 994 et
1843 954 2022 995 concessi
2052 956 2093 995 et

153 1049 231 1092 hac
264 1048 451 1105 presenti
482 1050 598 1090 carta
632 1061 727 1089 mea
763 1045 1008 1088 confirmavi
1029 1044 1242 1087 ROBERTO
1263 1044 1452 1087 MoNsm,
1473 1044 1561 1087 filio
1582 1043 1789 1086 HENRICI
1810 1043 1999 1086 MONSEL
2018 1059 2092 1086 xx.

154 1142 261 1183 duas
292 1155 408 1182 acras
440 1141 483 1181 et
518 1137 741 1180 dimidiam
773 1140 883 1179 terre
919 1136 1089 1179 arabilis
1123 1137 1170 1178 in
1204 1135 1333 1178 feudo
1367 1137 1419 1178 de
1454 1136 1683 1178 PENMAYN
1713 1150 1789 1191 pro
1819 1135 1991 1177 servicio
2022 1150 2096 1177 suo

154 1246 336 1288 quarum
376 1232 537 1286 septem
577 1243 670 1270 acre
710 1243 807 1270 cum
838 1228 1110 1283 pertinenciis
1144 1227 1288 1284 jacent
1324 1228 1370 1269 in
1402 1242 1549 1282 campo
1586 1227 1763 1269 australi
1796 1226 2019 1269 tendentes
2050 1226 2097 1267 in

154 1322 426 1379 longitudine
465 1336 491 1362 a
529 1320 598 1362 via
637 1319 852 1362 communi
883 1319 929 1361 in
961 1319 1066 1361 velis
1106 1334 1187 1374 que
1218 1319 1335 1361 ducit
1369 1319 1484 1374 apud
1527 1317 1841 1360 OXINEWYCHE
1884 1333 1937 1360 ex
1981 1319 2100 1373 parte

155 1413 352 1457 orientali
371 1427 504 1468 usque
525 1412 580 1453 ad
600 1411 765 1453 fontem
786 1425 868 1466 que
888 1410 1045 1452 dicitur
1065 1409 1338 1452 LANGEDICH
1359 1425 1411 1452 ex
1431 1413 1551 1466 parte
1573 1408 1822 1452 occidentali
1841 1409 2028 1464 jacentes
2054 1408 2098 1449 in

153 1505 384 1547 latitudine
426 1519 451 1546 a
490 1506 602 1545 terra
642 1503 745 1544 Ama
796 1501 991 1543 HEmNG
1031 1516 1084 1543 ex
1123 1504 1242 1556 parte
1284 1500 1459 1542 australi
1499 1514 1632 1555 usque
1672 1500 1727 1541 ad
1766 1502 1923 1541 terram
1963 1513 2100 1540 meam

155 1595 370 1652 propriam
407 1609 536 1650 quam
575 1593 731 1636 DAVID
772 1592 987 1636 WRENCH
1021 1595 1140 1634 tenet
1171 1607 1224 1634 ex
1259 1595 1378 1648 parte
1410 1591 1574 1643 boriali,
1606 1594 1649 1633 et
1683 1606 1815 1633 unam
1850 1605 1989 1632 acram
2021 1604 2103 1645 que

158 1686 271 1743 jacet
304 1685 351 1727 in
383 1684 753 1727 STEDWORLANGO
783 1683 829 1725 in
859 1686 979 1738 parte
1008 1683 1176 1738 zepheri
1206 1682 1329 1738 cujus
1358 1697 1494 1724 unum
1524 1681 1660 1737 capud
1689 1680 1830 1722 tendit
1859 1680 1914 1722 ad
1934 1679 2101 1721 Amnum

157 1777 341 1820 Buscmz
362 1792 415 1818 ex
434 1778 555 1832 parte
576 1775 773 1818 orientali
801 1775 919 1817 aliud
949 1775 1086 1830 capud
1115 1789 1248 1830 usque
1279 1774 1334 1816 ad
1363 1773 1512 1815 ELLEs
1537 1788 1590 1814 ex
1619 1775 1738 1828 parte
1769 1770 2030 1823 occidentali,
2062 1773 2104 1812 et

157 1883 290 1911 unam
325 1882 466 1910 acram
501 1870 543 1909 et
575 1867 798 1909 dimidiam
831 1881 913 1922 que
942 1866 1055 1922 jacet
1083 1866 1129 1907 in
1149 1864 1418 1909 WORLANGO
1439 1864 1542 1906 villa
1571 1863 1618 1905 in
1638 1865 1757 1918 parte
1785 1861 2032 1904 occidentali
2063 1864 2105 1903 et

159 1959 377 2016 superiori,
430 1962 474 2001 et
524 1959 630 2000 duas
669 1973 785 2000 acras
817 1962 859 1999 et
915 1957 1137 1999 dimidiam
1179 1971 1259 2011 que
1299 1955 1442 2011 jacent
1481 1954 1608 2010 juxta
1646 1956 1804 1996 terram
1850 1952 2019 1995 ecclesie
2059 1952 2105 1994 in

159 2052 428 2096 WORLANGO
459 2066 542 2107 que
572 2050 728 2093 dicitur
761 2049 988 2092 RICROFTE
1020 2049 1065 2090 in
1097 2053 1217 2104 parte
1249 2047 1400 2090 boriali
1420 2046 1487 2089 vie
1518 2061 1600 2102 que
1631 2045 1749 2088 ducit
1769 2046 1824 2087 ad
1845 2044 2104 2096 Swmmsr,

161 2146 204 2185 et
238 2157 391 2184 novem
422 2155 539 2184 acras
569 2144 612 2184 et
632 2141 856 2183 dimidiam
878 2155 959 2195 que
978 2139 1122 2195 jacent
1151 2138 1279 2194 juxta
1308 2153 1464 2180 novam
1484 2137 1653 2179 foveam
1673 2136 1719 2178 in
1741 2150 1888 2191 campo
1911 2134 2106 2177 orientali

162 2249 188 2276 a
207 2234 278 2276 via
315 2249 395 2289 que
415 2233 555 2276 tendit
577 2233 630 2274 ad
661 2231 908 2274 SWEYNESE
931 2246 982 2273 ex
1002 2233 1122 2286 parte
1152 2229 1302 2271 boriali
1323 2243 1456 2284 usque
1476 2229 1531 2271 ad
1551 2228 1668 2270 viam
1688 2226 1868 2269 viridem
1889 2240 1970 2281 que
1991 2224 2108 2267 ducit

165 2325 220 2366 ad
255 2324 419 2366 fontem
454 2323 576 2366 beate
612 2323 772 2365 MAROE
808 2323 860 2364 de
901 2321 1125 2363 PENNARD
1166 2336 1218 2363 ex
1249 2322 1368 2376 parte
1399 2318 1588 2370 australi,
1620 2321 1663 2360 et
1692 2332 1824 2360 unam
1855 2331 1994 2358 acram
2025 2329 2106 2371 que

162 2415 318 2457 dicitur
352 2414 635 2457 BUTTISACRA
657 2429 739 2469 que
761 2413 898 2455 tendit
929 2428 954 2455 a
973 2412 1043 2454 via
1063 2411 1198 2454 viride
1227 2410 1417 2467 predicta
1447 2425 1498 2452 ex
1529 2411 1649 2465 parte
1689 2407 1841 2450 boriali
1880 2421 2012 2461 usque
2052 2406 2107 2447 ad

161 2509 319 2548 terram
341 2520 422 2561 que
442 2508 618 2547 vocatur
638 2504 871 2549 WOTLOND
892 2519 945 2546 ex
960 2505 1080 2559 parte
1100 2502 1288 2545 australi.
1350 2500 1616 2544 Habendum
1637 2502 1680 2542 et
1701 2499 1934 2541 tenendum
1955 2496 2035 2539 sibi
2064 2499 2107 2538 et

161 2595 386 2638 heredibus
416 2595 502 2637 suis
531 2596 583 2637 de
615 2610 683 2638 me
716 2598 758 2637 et
787 2594 1012 2637 heredibus
1044 2594 1149 2636 meis
1180 2593 1311 2636 libere
1341 2595 1384 2635 et
1414 2592 1555 2647 quiete
1584 2589 1812 2633 honorifice
1843 2591 1886 2630 et
1915 2588 1961 2630 in
1991 2602 2102 2643 pace.

162 2685 399 2728 Reddendo
434 2686 534 2728 inde
567 2686 791 2728 annuatim
824 2685 932 2727 mihi
964 2688 1007 2727 et
1037 2683 1263 2727 heredibus
1293 2683 1397 2726 meis
1423 2683 1512 2738 ipse
1534 2685 1576 2724 et
1594 2681 1768 2724 heredes
1788 2679 1854 2722 sui
1875 2680 1930 2721 ad
1949 2678 2107 2720 festum

161 2776 323 2819 Pasche
343 2779 436 2819 octo
467 2776 662 2819 denarios
694 2776 996 2833 sterlingorum
1028 2791 1103 2831 pro
1136 2774 1252 2818 omni
1286 2774 1459 2817 servicio
1490 2776 1532 2816 et
1553 2771 1728 2815 seculari
1750 2770 1960 2813 demanda
1991 2769 2105 2811 salvo

159 2867 332 2910 servicio
364 2868 500 2924 regali
535 2870 655 2910 tante
691 2870 800 2910 terre
835 2867 1088 2923 pertinente.
1150 2866 1211 2908 Et
1245 2880 1324 2922 ego
1345 2880 1442 2908 vero
1463 2864 1493 2908 J
1496 2877 1704 2907 OHANNES
1724 2862 2026 2904 BLoNanEL
2058 2862 2100 2901 et

162 2957 338 3000 heredes
356 2959 442 3000 mei
461 2958 650 3014 predicto
681 2957 894 3000 RoBERTO
923 2957 1111 2999 MONsEL
1133 2961 1174 3000 et
1196 2956 1419 2999 heredibus
1439 2955 1525 2998 suis
1545 2958 1680 2997 totam
1700 2953 1933 3009 predictam
1951 2953 2108 2993 terram

164 3063 240 3104 pro
275 3048 447 3090 redditu
480 3048 670 3104 predicto
707 3052 852 3091 contra
883 3048 1075 3090 homines
1109 3053 1152 3090 et
1182 3047 1360 3090 feminas
1388 3046 1703 3102 imperpetuum
1721 3040 2105 3086 warantizabimus,
