2386 3645
364 267 475 309 1538

1163 567 1379 611 MCXLI.

302 676 517 720 GRANT
567 677 654 719 BY
703 676 805 720 SIR
854 675 1146 720 WILLIAM
1197 673 1471 726 WESTON,
1531 672 1784 716 KNIGHT
1835 672 1913 715 OF
1973 671 2238 723 RHODES,

396 768 472 810 ΤΟ
507 768 799 812 WILLIAM
832 767 912 810 ΑΡ
946 767 1116 819 REES,
1151 766 1229 808 OF
1265 765 1440 808 LAND
1476 764 1547 807 IN
1580 763 1902 806 MERTHYR
1937 763 2151 807 MAWR.

1151 873 1225 930 [G.
1251 873 1302 915 G.
1326 871 1405 929 F.]
1839 872 1860 913 1
1893 870 2026 922 JULY,
2061 871 2185 912 1429.

357 982 504 1025 Sciant
533 985 747 1038 presentes
777 986 818 1024 et
858 981 993 1023 futuri
1034 981 1148 1036 quod
1178 995 1257 1036 ego
1298 979 1493 1021 dominus
1533 978 1765 1022 WYLmAM
1796 977 1994 1022 WEsToN
2025 979 2161 1033 myles
2192 979 2245 1020 de

296 1073 447 1116 Roms
478 1074 577 1116 dedi
607 1073 788 1116 concessi
819 1075 862 1115 et
890 1072 968 1113 hac
998 1070 1184 1127 presenti
1216 1074 1331 1113 carta
1366 1085 1461 1112 mea
1488 1070 1733 1112 confirmavi
1754 1069 2024 1113 WYLLELMO
2045 1084 2098 1124 ap
2120 1068 2244 1111 REES

294 1164 521 1207 heredibus
551 1168 593 1206 et
623 1164 849 1219 assignatis
879 1163 965 1204 suis
994 1177 1126 1203 unam
1157 1176 1296 1203 acram
1326 1164 1436 1203 terre
1467 1160 1612 1202 Sancti
1633 1160 1662 1203 J
1665 1174 1861 1202 OHANNIS
1882 1160 2105 1202 BAPTISTE
2127 1160 2243 1203 infra

293 1254 537 1311 parochiam
558 1256 611 1297 de
633 1253 820 1296 MERTH'
842 1253 999 1295 MAWR
1020 1256 1063 1294 et
1093 1251 1331 1294 dominium
1362 1250 1554 1306 ejusdem
1584 1250 1629 1292 in
1659 1250 1975 1306 longitudinem
1996 1250 2108 1292 inter
2128 1250 2242 1292 viam

292 1344 451 1387 ibidem
483 1344 706 1387 COLEWAY
736 1360 788 1386 ex
818 1358 905 1385 una
934 1345 1054 1398 parte
1085 1345 1128 1384 et
1157 1356 1287 1397 parva
1318 1341 1518 1383 BAUGAM
1551 1356 1603 1382 ex
1635 1341 1768 1382 altera
1798 1340 1843 1382 in
1883 1341 2111 1382 latitudine
2144 1355 2242 1383 vero

291 1436 404 1478 inter
434 1435 662 1478 HAYLOND
693 1437 736 1476 et
765 1434 995 1491 gardinum
1024 1432 1182 1475 ibidem
1213 1435 1255 1474 et
1285 1432 1417 1474 altam
1447 1431 1561 1474 viam
1589 1446 1641 1473 ex
1670 1431 1754 1473 alia
1783 1434 1914 1486 parte.
1977 1430 2242 1473 Habendum

289 1530 333 1568 et
353 1527 586 1568 tenendum
606 1525 839 1581 predictam
860 1538 1000 1566 acram
1030 1526 1140 1565 terre
1171 1538 1268 1565 cum
1298 1522 1478 1578 gardino
1510 1536 1607 1563 cum
1638 1520 1834 1563 omnibus
1866 1521 1951 1563 suis
1981 1524 2023 1563 et
2055 1521 2236 1577 singulis

289 1617 560 1673 pertinenciis
575 1616 902 1672 imperpetuum.
956 1614 1192 1657 Reddendo
1214 1614 1314 1656 inde
1335 1613 1559 1655 annuatim
1571 1612 1832 1668 procuratori
1848 1611 1994 1655 Sancti
2008 1612 2038 1654 J
2040 1626 2241 1654 OHANNIS

292 1708 516 1750 BAPTISTE
538 1722 625 1749 1111.
650 1707 844 1749 denarios
864 1705 1015 1762 legalis
1035 1707 1204 1747 monete
1225 1705 1409 1747 ANGLIE
1431 1707 1473 1746 et
1489 1706 1671 1759 quatuor
1687 1703 1881 1745 denarios
1899 1703 2070 1745 nomine
2087 1703 2239 1745 herieti

291 1814 387 1842 cum
409 1799 606 1841 acciderit
635 1813 711 1854 pro
743 1797 939 1840 omnibus
969 1797 1063 1839 aliis
1093 1796 1278 1838 serviciis
1308 1794 1564 1838 secularibus
1594 1797 1637 1837 et
1667 1795 1899 1837 domandis.
1962 1793 2024 1835 Et
2040 1809 2119 1850 ego
2141 1809 2238 1836 vero

290 1890 504 1946 predictus
525 1890 722 1931 dominus
738 1888 1034 1931 WYLLELMUS
1056 1886 1247 1930 WESToN
1261 1887 1398 1942 myles
1411 1889 1453 1928 et
1469 1901 1720 1928 successores
1740 1885 1824 1927 mei
1844 1885 2079 1940 predictam
2095 1899 2236 1927 acram

289 1983 400 2023 terre
431 1995 527 2022 cum
557 1980 745 2035 predicto
776 1979 957 2035 gardino
988 1993 1084 2021 cum
1114 1977 1311 2020 omnibus
1349 1977 1435 2019 suis
1465 1980 1507 2019 et
1547 1977 1728 2030 singulis
1767 1976 2040 2031 pertinenciis
2071 1975 2237 2031 prefato

292 2071 561 2115 WYLLELMO
582 2086 635 2126 ap
657 2071 780 2125 RIEEs
800 2069 1026 2112 heredibus
1047 2072 1089 2111 et
1119 2068 1344 2124 assignatis
1375 2068 1460 2110 suis
1490 2071 1636 2110 contra
1657 2082 1802 2109 omnes
1821 2069 1970 2123 gentes
1991 2066 2239 2108 warantiza-

291 2161 433 2205 bimus
454 2165 496 2204 et
517 2161 795 2203 defendemus
815 2161 1144 2216 imperpetuum.
1206 2158 1262 2200 In
1283 2158 1351 2214 cuj
1358 2173 1406 2200 us
1425 2158 1486 2201 rei
1508 2158 1800 2201 testimonium
1813 2157 1912 2200 huic
1928 2156 2113 2213 presenti
2129 2159 2241 2199 carte

295 2267 388 2295 mee
410 2252 600 2308 sigillum
620 2267 763 2293 meum
785 2250 975 2306 apposui.

353 2343 470 2385 Data
490 2343 605 2398 apud
626 2340 813 2384 MERTH'
836 2341 1074 2396 predictum
1104 2340 1241 2396 primo
1265 2339 1333 2381 die
1362 2339 1518 2381 mensis
1539 2338 1568 2381 J
1570 2339 1648 2381 ulii
1670 2354 1782 2380 anno
1812 2338 1991 2381 Domini
2016 2338 2240 2380 millesimo

297 2441 416 2476 cccc⁰·
435 2439 573 2475 xx1x0·

355 2524 477 2566 Deed
496 2524 596 2580 poll.
659 2522 757 2565 Seal
776 2523 852 2564 red
871 2537 978 2575 wax,
1000 2523 1128 2564 lower
1147 2521 1240 2563 half
1260 2520 1513 2577 remaining,
1532 2521 1650 2577 large
1668 2522 1753 2563 and
1770 2520 1986 2576 elliptical.
2049 2519 2092 2561 A
2108 2519 2244 2575 figure

298 2615 345 2658 of
371 2614 432 2657 St.
455 2614 573 2658 John
593 2614 766 2669 Baptist
786 2614 831 2655 in
853 2629 878 2655 a
898 2612 1023 2667 hairy
1042 2612 1156 2663 robe,
1188 2612 1274 2653 and
1304 2611 1484 2667 holding
1513 2612 1558 2653 in
1589 2612 1662 2653 the
1691 2611 1811 2668 right
1840 2611 1956 2653 hand
1985 2610 2058 2653 the
2088 2610 2244 2666 Agnus

297 2705 382 2748 Dei
403 2720 458 2748 on
478 2720 504 2747 a
523 2705 690 2761 plaque‚
713 2703 944 2760 standing3
976 2718 1032 2745 on
1053 2702 1189 2744 either
1209 2702 1297 2745 side
1327 2701 1400 2744 the
1421 2701 1519 2744 base
1540 2702 1586 2744 of
1615 2718 1640 2744 a
1660 2701 1801 2745 shrine
1822 2717 1868 2744 or
1888 2716 2064 2757 canopy.

353 2795 534 2852 Legend
553 2795 776 2837 indistinct
808 2826 1036 2837 ......
1070 2807 1180 2835 HOSP
1205 2826 1214 2835 .
1239 2791 1464 2834 IH'ERL’M.

351 2887 646 2930 Endorsed—‘
662 2885 766 2928 Una
786 2900 881 2928 acra
900 2888 1011 2927 terre
1031 2884 1177 2927 Sancti
1197 2883 1226 2925 J
1229 2883 1409 2926 ohannis
1430 2883 1625 2939 Baptiste
1646 2883 1693 2925 in
1713 2882 2080 2926 Merthermame.'
