2386 3645
1923 282 2032 325 1221

204 481 350 525 Sciant
371 495 516 524 omnes
535 482 628 523 tam
647 482 861 536 presentes
881 495 1010 536 quam
1030 480 1169 523 futuri
1189 482 1303 537 quod
1323 496 1402 538 ego
1424 482 1683 527 Gammws
1703 485 1755 528 de
1780 485 1932 529 CLARE
1954 503 2091 532 comes

145 571 454 616 Groncnsrmn
475 573 517 613 et
540 570 843 613 HERTFORDIE
864 571 964 612 dedi
986 605 994 613 .
1018 573 1062 613 et
1081 571 1263 614 concessi
1285 605 1294 613 .
1317 575 1360 614 et
1380 572 1459 615 hac
1474 574 1660 628 presenti
1679 577 1794 618 carta
1809 576 2054 620 confirmavi
2076 613 2085 622 .

143 678 222 720 pro
249 662 385 705 salute
412 661 554 704 anime
580 676 672 704 mee
697 664 740 704 et
766 661 900 718 patris
928 661 1014 704 mei
1041 665 1084 704 et
1110 663 1260 706 matris
1284 678 1378 706 mee
1401 697 1409 705 .
1433 667 1476 707 et
1495 664 1688 707 omnium
1708 668 2015 710 antecessorum
2045 672 2088 712 et

73 782 85 793 .
144 767 425 797 successorum
460 767 652 795 meorum
686 752 782 795 Deo
817 756 860 795 et
891 752 1061 795 ecclesie
1085 752 1206 796 beate
1239 753 1400 797 MARIE
1440 755 1493 798 de
1524 755 1728 798 MARGAN
1762 791 1771 799 .
1798 759 1841 799 et
1874 759 2092 802 monachis

143 844 302 888 ibidem
333 843 427 887 Deo
464 843 745 887 servientibus
779 844 825 886 in
856 858 1009 900 puram
1038 846 1082 886 et
1112 847 1362 900 perpetuam
1390 845 1663 889 elemosinam
1696 880 1705 889 .
1741 846 1819 890 has
1850 851 1982 892 terras
2015 865 2092 906 per

145 936 303 979 divisas
339 950 434 978 suas
469 949 567 978 cum
602 934 875 991 pertinenciis
907 935 992 977 suis
1023 935 1070 977 in
1105 935 1229 978 feodo
1265 937 1318 978 de
1353 935 1595 980 KENEFEG'
1625 971 1634 980 .
1663 941 1706 981 et
1739 939 1787 982 in
1813 940 1938 984 feodo
1965 940 2089 984 Novr

144 1027 362 1069 CASTELLI
396 1059 406 1068 .
440 1025 598 1068 scilicet
636 1027 772 1068 totam
805 1028 963 1068 terram
999 1025 1245 1069 Pssmvm
1288 1061 1297 1069 .
1341 1030 1385 1070 et
1417 1030 1554 1070 totam
1587 1032 1745 1073 terram
1784 1030 1998 1074 HUGoms
2037 1034 2090 1076 de

143 1117 402 1161 HEREFORD
425 1151 434 1160 .
457 1119 499 1160 et
526 1119 660 1160 totam
690 1120 847 1159 terram
875 1117 1196 1161 WALLENsmM
1222 1133 1299 1175 pro
1327 1133 1411 1175 qua
1439 1120 1614 1163 reddere
1645 1120 1838 1164 solebant
1867 1123 2091 1166 annuatim

142 1195 324 1266 triginta
343 1209 450 1252 duos
469 1208 625 1251 solidos
644 1208 813 1251 ballivis
834 1209 885 1251 de
906 1208 1148 1252 KENEFEG'
1183 1244 1191 1252 .
1224 1209 1286 1252 Et
1305 1212 1441 1253 totam
1468 1226 1632 1254 moram
1659 1213 1712 1255 de
1732 1212 2090 1257 HEVEDHALOKE

140 1300 254 1344 inter
283 1301 390 1343 duas
417 1315 547 1356 aquas
569 1301 622 1342 de
649 1299 891 1343 KENEFEG'
918 1303 961 1343 et
991 1300 1209 1343 BAn-HAN
1242 1335 1250 1344 .
1284 1301 1345 1344 Et
1375 1302 1599 1358 quinquies
1629 1303 1786 1359 viginti
1817 1307 1860 1347 et
1884 1306 2029 1348 decem
2048 1309 2092 1349 et

142 1394 304 1448 septem
334 1406 451 1434 acras
482 1394 592 1434 terre
625 1392 678 1434 de
711 1391 923 1434 dominico
955 1407 1099 1435 mense
1132 1407 1224 1435 mee
1251 1393 1297 1436 in
1325 1393 1456 1436 Novo
1488 1393 1713 1437 CASTELLO
1740 1397 1909 1439 easdem
1936 1397 2092 1440 scilicet

142 1497 248 1539 quas
268 1484 394 1525 antea
422 1484 656 1525 tenuerunt
679 1516 687 1523 .
710 1482 773 1525 Et
792 1482 838 1524 in
859 1483 1007 1526 eodem
1026 1482 1152 1526 feodo
1173 1483 1296 1526 N0v1
1311 1483 1529 1527 CASTELLI
1549 1500 1711 1528 moram
1728 1486 1783 1529 ad
1799 1487 2091 1542 aquilonarem

142 1577 309 1630 partem
335 1573 494 1616 montis
521 1573 596 1629 qui
620 1573 776 1616 dicitur
804 1573 1301 1617 BRIDDEWODESCASTEL
1331 1609 1339 1617 .
1370 1576 1548 1618 eandem
1578 1577 1736 1619 scilicet
1766 1592 1927 1621 moram
1962 1594 2092 1634 quam

142 1667 269 1708 antea
288 1667 530 1707 tenuerunt.
583 1664 645 1707 Et
674 1668 831 1707 terram
847 1681 929 1721 que
945 1665 1100 1708 dicitur
1115 1665 1396 1710 SEITESLAND
1419 1702 1427 1710 .
1450 1668 1511 1710 Et
1524 1668 1740 1710 redditum
1753 1671 1845 1711 octo
1861 1669 2092 1713 solidorum

144 1758 188 1798 et
208 1758 389 1812 quatuor
409 1755 681 1798 denariorum
709 1756 784 1812 qui
805 1755 909 1798 solet
934 1756 1055 1798 reddi
1074 1757 1299 1799 annuatim
1330 1758 1382 1800 de
1407 1760 1520 1800 terra
1545 1774 1627 1815 que
1651 1759 1807 1802 dicitur
1832 1760 2092 1804 LAanLEs-

144 1862 266 1890 LAND
289 1846 376 1890 ,Et
395 1849 554 1890 terram
574 1846 853 1889 KETHEREK'
876 1862 957 1903 que
977 1847 1091 1904 jacet
1108 1849 1163 1890 ad
1183 1849 1411 1892 australem
1425 1852 1591 1906 partem
1610 1850 1737 1907 juxta
1756 1866 1958 1908 magnam
1979 1854 2093 1896 viam

73 1983 77 1986 ,
141 1940 391 1982 tendentem
411 1953 556 1981 versus
584 1937 943 1981 LAcHELESTONE
967 1973 975 1981 .
997 1938 1059 1981 Et
1078 1941 1235 1982 terram
1256 1954 1337 1995 que
1357 1940 1513 1983 dicitur
1533 1941 1832 1985 RoFLEsLAND
1855 1977 1863 1985 .
1886 1960 1938 1986 ex
1960 1945 2093 1988 altera

142 2033 263 2087 parte
284 2030 477 2087 ejusdem
498 2045 654 2086 magne
674 2030 754 2072 vie.
816 2029 1083 2073 Habendum
1106 2065 1114 2073 .
1138 2033 1180 2073 et
1200 2032 1435 2074 tenendum
1458 2067 1466 2074 .
1490 2048 1586 2075 cum
1607 2033 1802 2076 omnibus
1826 2034 2094 2078 libertatibus

144 2123 187 2164 et
207 2120 467 2164 aisiamentis
488 2120 574 2163 suis
595 2122 647 2163 de
667 2136 735 2164 me
757 2124 800 2163 et
826 2120 1054 2164 heredibus
1077 2121 1182 2164 meis
1204 2156 1212 2164 .
1235 2121 1367 2165 libere
1389 2156 1398 2165 .
1421 2126 1465 2165 et
1494 2123 1635 2178 quiete
1658 2157 1667 2166 .
1690 2124 1744 2166 ab
1774 2125 1891 2167 omni
1918 2126 2092 2169 servicio

144 2212 449 2255 consuetudine
476 2214 518 2255 et
548 2212 766 2254 exactione
802 2212 979 2255 seculari
1011 2212 1119 2254 sicut
1153 2212 1244 2255 ulla
1284 2213 1512 2256 elemosina
1545 2214 1754 2270 integrius
1791 2249 1799 2257 .
1842 2215 2015 2259 liberius
2050 2220 2092 2260 et

145 2303 330 2359 quietius
359 2306 499 2359 potest
529 2303 678 2345 teneri.
741 2303 942 2346 Preterea
971 2303 1070 2346 dedi
1101 2303 1258 2347 eisdem
1283 2304 1500 2347 monachis
1527 2305 1572 2347 in
1599 2321 1752 2362 puram
1777 2310 1819 2349 et
1845 2310 2093 2363 perpetuam

145 2395 417 2438 elemosinam
437 2398 479 2438 et
493 2395 687 2451 quietum
702 2395 881 2438 clamavi
902 2398 1041 2438 totum
1057 2395 1313 2439 forinsecum
1334 2396 1557 2440 servicium
1572 2398 1625 2439 de
1640 2397 1766 2440 feodo
1787 2399 1839 2440 de
1856 2397 2094 2442 LANGEWY

144 2487 259 2542 quod
292 2487 348 2529 ad
374 2501 442 2529 me
478 2520 486 2528 .
528 2486 596 2529 vel
630 2486 806 2528 heredes
830 2501 945 2529 meos
972 2487 1158 2543 pertinet
1189 2489 1329 2542 preter
1361 2487 1584 2530 dimidiam
1618 2503 1804 2531 marcam
1829 2489 2092 2532 solummodo

143 2591 273 2633 quam
293 2576 423 2619 michi
445 2610 453 2618 .
477 2580 519 2619 et
541 2576 767 2619 heredibus
788 2577 892 2619 meis
913 2577 1138 2619 annuatim
1158 2577 1338 2619 reddent
1357 2579 1447 2619 tam
1466 2592 1542 2632 pro
1563 2578 1704 2620 wardo
1730 2593 1858 2634 quam
1878 2594 1953 2634 pro
1974 2579 2092 2622 omni

142 2668 226 2710 alio
251 2667 424 2710 servicio
454 2669 508 2710 de
535 2668 684 2710 eodem
712 2667 838 2710 feodo
869 2668 924 2710 ad
951 2683 1028 2710 nos
1052 2667 1292 2724 pertinente
1324 2701 1333 2709 .
1366 2667 1427 2710 Et
1447 2668 1603 2724 viginti
1630 2671 1674 2711 et
1700 2671 1792 2712 octo
1816 2670 2010 2712 denarios
2037 2671 2091 2713 de

144 2757 513 2801 KYLTHICULLUM
536 2793 545 2801 .
567 2759 627 2801 Et
649 2758 968 2814 quatuordecim
989 2758 1183 2801 denarios
1202 2759 1255 2800 de
1274 2761 1386 2801 terra
1408 2758 1728 2801 GILLEMICHEL
1747 2793 1755 2801 .
1773 2775 1877 2816 quos
1901 2761 2094 2804 solebant

139 2851 315 2892 reddere
335 2850 391 2892 ad
411 2850 637 2906 coquinam
658 2849 822 2892 comitis
854 2883 862 2892 .
896 2849 956 2892 Et
975 2849 1193 2892 redditum
1213 2852 1396 2906 quatuor
1416 2850 1646 2893 solidorum
1661 2853 1703 2893 et
1718 2851 1851 2894 trium
1866 2851 2085 2896 obolorum

144 2955 249 2996 quos
279 2939 471 2983 solebant
501 2940 726 2983 annuatim
756 2941 930 2983 reddere
961 2941 1014 2982 de
1049 2943 1162 2983 terra
1181 2940 1328 2984 JOUAF
1353 2954 1593 2982 TROINKAM
1623 2973 1632 2983 .
1660 2939 1788 2997 juxta
1816 2941 2092 2985 KATEPUTTE

143 3031 322 3087 prefatis
348 3030 565 3074 monachis
591 3030 638 3073 in
667 3046 819 3088 puram
850 3033 893 3074 et
922 3034 1173 3087 perpetuam
1200 3031 1473 3074 elemosinam
1503 3032 1601 3074 dedi
1631 3035 1673 3074 et
1711 3033 1898 3076 relaxavi
1937 3033 2091 3090 imper-
