2386 3645
344 278 455 319 1534

284 497 613 526 MARICHURCHE
659 497 708 524 ac
756 481 1028 524 medietatem
1077 479 1257 522 manerii
1305 478 1439 521 nostri
1479 479 1532 521 de
1573 477 1921 521 WESTORCHARD
1961 476 2088 518 simul
2127 490 2224 518 cum

283 574 480 618 omnibus
511 574 606 616 aliis
636 574 759 616 terris
791 576 832 615 et
864 572 1118 614 tenementis
1149 571 1282 627 pratis
1315 569 1479 626 pascuis
1511 571 1554 612 et
1593 568 1776 625 pasturis
1814 566 2050 609 redditibus
2083 582 2221 609 rever-

281 665 469 708 sionibus
503 668 546 707 et
581 663 766 707 serviciis
801 677 897 705 cum
936 661 1208 718 pertinenciis
1242 675 1427 702 unacum
1472 657 1821 701 advocacionibus
1861 657 2130 699 ecclesiarum
2170 658 2222 699 de

282 754 558 798 LANDOUGH'
610 757 653 797 et
703 751 1156 796 SEINTMARICHURCH'
1205 751 1252 792 in
1308 750 1511 792 comitatu
1567 748 1853 792 GLAMORGAN
1890 762 1972 803 que
2007 748 2223 803 quondam

283 845 593 889 descendebant
613 845 800 901 predicto
823 844 1035 886 Rossmvro
1057 842 1306 886 WALSSCHE
1327 841 1423 896 jure
1442 840 1697 883 hereditario
1727 842 1823 895 post
1852 841 2032 881 mortem
2062 838 2225 880 domini

283 937 487 980 Romam
518 935 768 979 WALSSCHE
808 934 958 976 militis
996 933 1129 988 patris
1158 933 1224 974 sui
1264 932 1449 987 exceptis
1480 946 1565 973 uno
1596 931 1736 974 clauso
1767 933 1912 972 vocato
1943 929 2226 971 HERBERDES

282 1028 420 1071 GLoos
450 1027 638 1083 quinque
669 1026 774 1068 acris
801 1025 913 1081 prati
943 1025 1081 1066 eidem
1111 1024 1250 1065 clauso
1281 1022 1593 1079 pertinentibus
1624 1036 1709 1063 uno
1741 1022 1880 1064 clauso
1910 1024 2057 1063 vocato
2086 1019 2225 1063 an-

279 1134 379 1162 onos
407 1121 549 1174 preter
578 1120 739 1173 septem
770 1131 884 1158 acras
914 1119 1024 1157 terre
1055 1114 1226 1156 arabilis
1255 1113 1445 1169 jacentes
1473 1113 1520 1154 in
1551 1113 1700 1155 eodem
1731 1112 1872 1155 clauso
1902 1114 1945 1153 et
1975 1126 2062 1153 uno
2087 1111 2229 1153 clauso

279 1212 427 1251 vocato
472 1207 772 1250 COLYNREWE.
854 1205 1120 1247 Habendum
1163 1208 1206 1245 et
1251 1203 1486 1245 tenendum
1529 1205 1669 1245 totum
1711 1202 1949 1257 predictum
1988 1202 2227 1244 manerium

278 1301 331 1344 de
352 1299 627 1343 LANDOUGH'
651 1301 693 1341 et
714 1294 1172 1340 SEINTMARICHURCH’
1195 1310 1243 1337 ac
1278 1295 1437 1336 dictam
1469 1293 1743 1336 medietatem
1772 1293 1953 1334 manerii
1983 1293 2036 1334 de
2067 1291 2224 1335 WEST-

278 1405 486 1433 ORCHARD
508 1390 634 1432 simul
655 1404 750 1432 cum
772 1387 968 1431 omnibus
992 1386 1192 1443 predictis
1222 1385 1345 1428 terris
1367 1419 1376 1427 .
1400 1388 1477 1427 etc.
1511 1388 1588 1426 etc.
1622 1398 1718 1426 cum
1749 1383 2022 1439 pertinenciis
2041 1397 2227 1425 unacum

275 1480 623 1525 advocacionibus
643 1479 910 1522 ecclesiarum
930 1478 1218 1534 predictarum
1238 1476 1423 1532 exceptis
1443 1475 1705 1531 preexceptis
1725 1474 1911 1529 predicte
1930 1474 2224 1516 ELIZABETHE

278 1576 322 1615 et
342 1571 567 1614 heredibus
588 1571 674 1613 suis
695 1570 892 1612 masculis
912 1570 963 1610 de
986 1583 1155 1623 corpore
1175 1567 1355 1623 predicti
1376 1566 1581 1608 Ronmm
1613 1565 1865 1609 WALSSCHE
1896 1580 2032 1620 nuper
2052 1564 2133 1606 viri
2163 1564 2230 1606 sui

280 1663 506 1720 procreatis
527 1662 843 1718 imperpetuum
863 1661 915 1702 de
941 1658 1194 1715 capitalibus
1215 1657 1399 1700 dominis
1428 1657 1545 1699 feodi
1574 1672 1650 1712 per
1680 1655 1854 1698 servicia
1884 1655 1983 1698 inde
2014 1654 2158 1697 debita
2187 1657 2231 1697 et

282 1756 481 1797 consueta
502 1752 660 1807 absque
679 1751 1034 1807 impechiamento
1047 1749 1156 1791 vasti
1173 1763 1246 1791 seu
1262 1747 1566 1790 distruccionis.
1628 1746 1689 1788 Et
1709 1746 1744 1788 si
1760 1746 1983 1802 contingat
1994 1746 2230 1801 predictam

283 1844 612 1886 EmzABE'rHAM
643 1842 733 1884 sine
762 1840 1011 1896 hujusmodi
1044 1838 1270 1881 heredibus
1300 1837 1498 1880 masculis
1530 1836 1644 1879 obire
1680 1839 1783 1878 tunc
1821 1836 2018 1878 volumus
2057 1837 2100 1877 et
2132 1850 2229 1877 con-

283 1935 470 1977 cedimus
491 1934 605 1989 quod
625 1936 765 1975 totum
785 1932 1025 1987 predictum
1045 1929 1283 1972 manerium
1304 1929 1357 1970 de
1378 1926 1652 1970 LANDOUGH’
1685 1931 1726 1968 et
1757 1926 2232 1970 SEINTMARICHURCHE

281 2041 329 2069 ac
363 2025 598 2082 predictam
633 2023 905 2066 medietatem
940 2021 1120 2063 manerii
1152 2022 1204 2062 de
1241 2019 1590 2063 WESTORCHARD
1623 2018 1751 2060 simul
1783 2032 1880 2060 cum
1907 2016 2104 2059 omnibus
2138 2017 2233 2060 aliis

282 2117 405 2160 terris
428 2151 435 2158 .
460 2120 536 2158 etc.
560 2118 638 2157 etc.
661 2129 757 2156 cum
778 2113 1050 2169 pertinenciis
1070 2126 1255 2153 unacum
1275 2109 1625 2152 advocacionibus
1655 2108 1925 2151 ecclesiarum
1946 2108 2232 2164 predictarum

284 2207 470 2263 exceptis
499 2205 764 2262 preexceptis
794 2204 1027 2248 WALTERO
1059 2201 1269 2244 MORTON’
1301 2201 1512 2256 armigero
1542 2203 1585 2242 et
1615 2199 1907 2243 WENLLIANE
1937 2199 2061 2241 uxori
2089 2214 2162 2241 sue
2194 2202 2237 2241 et

286 2298 513 2341 heredibus
534 2299 587 2339 de
608 2311 778 2352 corpore
798 2295 985 2351 predicte
1005 2293 1298 2337 WENLLIANE
1328 2291 1520 2348 legitime
1551 2291 1779 2346 procreatis
1808 2292 2059 2332 remaneant
2079 2290 2233 2345 imper-

286 2393 465 2446 petuum
494 2389 548 2431 de
578 2386 829 2443 capitalibus
858 2386 1042 2428 dominis
1071 2384 1187 2427 feodi
1216 2383 1450 2426 tenendum
1479 2397 1554 2437 per
1583 2381 1758 2423 servicia
1786 2380 1930 2423 debita
1961 2384 2003 2423 et
2024 2382 2234 2423 consueta.

287 2480 349 2523 Et
378 2481 413 2523 si
444 2480 667 2535 contingat
697 2478 855 2520 dictam
885 2477 1215 2520 WENLLIANAM
1255 2474 1345 2517 sine
1375 2472 1601 2515 heredibus
1641 2473 1693 2514 de
1734 2486 1904 2527 corpore
1940 2486 2015 2513 suo
2045 2470 2237 2527 legitime

290 2571 518 2628 procreatis
537 2570 652 2613 obire
673 2573 775 2612 tunc
796 2569 992 2611 volumus
1012 2571 1055 2609 et
1076 2565 1352 2609 concessimus
1372 2565 1487 2620 quod
1506 2566 1645 2606 totum
1665 2563 1903 2619 predictum
1927 2562 2164 2604 manerium
2185 2563 2238 2604 de

291 2661 565 2705 LANDOUGH'
599 2666 641 2703 et
671 2661 1143 2704 SEINTMARICHURCHE
1174 2673 1221 2699 ac
1259 2657 1534 2698 medietatem
1571 2654 1753 2697 manerii
1792 2654 1845 2695 de
1887 2652 2236 2697 WESTORCHARD

290 2755 417 2797 simul
452 2768 549 2796 cum
588 2752 785 2794 omnibus
823 2751 918 2793 aliis
967 2750 1089 2792 terris
1129 2751 1205 2791 etc.
1248 2751 1325 2790 etc.
1376 2761 1475 2789 cum
1513 2745 1786 2801 pertinenciis
1835 2758 2020 2786 unacum
2059 2744 2236 2786 advoca-

294 2844 485 2887 cionibus
524 2844 791 2886 ecclesiarum
831 2841 1118 2898 predictarum
1156 2838 1342 2894 exceptis
1380 2835 1642 2894 preexceptis
1679 2835 1844 2878 Amen:
1885 2834 2009 2877 uxori
2048 2833 2238 2876 THoMAs

294 2934 532 2977 Omxmm:
573 2932 886 2988 consanguinee
925 2931 1036 2973 dicte
1089 2929 1378 2974 WENLLIANE
1428 2930 1472 2970 et
1519 2926 1746 2969 heredibus
1785 2926 1837 2967 de
1888 2939 2059 2980 corpore
2107 2924 2241 2980 ipsius

293 3025 457 3068 Auem
493 3024 685 3081 legitime
724 3023 952 3079 procreatis
989 3024 1238 3064 remaneant
1272 3020 1588 3075 imperpetuum
1627 3017 1862 3060 tenendum
1902 3016 1956 3057 de
1988 3014 2240 3071 capitalibus
