2386 3645
1953 305 2062 346 1605

180 505 210 548 J
212 520 412 549 OHANNIS
428 507 609 550 WHYTE
626 507 758 564 patris
774 507 857 549 mei
871 510 997 562 prout
1013 507 1156 563 jacent
1169 509 1281 563 apud
1297 508 1337 550 19
1349 508 1504 550 NASSH
1518 509 1563 550 in
1577 510 1765 552 dominio
1779 511 1830 552 de
1844 510 2120 553 LLANDAFFE

180 596 307 652 juxta
327 598 413 639 vim
435 597 618 640 formam
640 601 682 640 et
708 598 905 640 effectum
933 597 1156 653 cujusdam
1191 602 1302 639 carte
1323 598 1438 640 feodi
1463 598 1663 653 simplicis
1695 599 1796 641 inde
1828 600 2015 642 confecte
2035 616 2122 642 una

181 688 358 730 dimidia
380 704 476 730 aera
492 692 602 731 terre
617 688 663 730 in
679 691 799 744 parte
811 688 961 730 boriali
976 688 1043 729 vie
1060 688 1252 730 ducentis
1272 689 1324 730 de
1344 688 1384 730 19
1405 688 1588 731 NAssrrE
1605 704 1750 731 versus
1770 689 2122 732 LAMBLETHYAM

183 779 408 821 dumtaxat
449 784 634 835 excepta.
717 779 880 821 Ratum
921 784 963 820 et
1004 782 1175 835 gratum
1214 778 1374 821 habens
1410 782 1453 821 et
1486 779 1708 821 habiturus
1748 781 1949 835 quicquid
1989 781 2126 823 dictus

181 872 420 912 attornatus
460 870 632 913 nomine
673 885 766 912 meo
808 870 934 912 faciet
974 870 1020 911 in
1061 871 1272 925 premissis
1307 871 1368 912 ita
1399 870 1523 926 plene
1556 873 1598 912 et
1631 870 1796 926 integre
1830 871 1936 913 siout
1967 871 2125 913 ibidem

178 961 458 1015 personaliter
491 961 750 1002 interessem.
811 960 865 1002 In
901 960 1024 1016 cujus
1056 961 1116 1002 rei
1142 961 1435 1002 testimonium
1465 960 1732 1015 presentibus
1761 961 1949 1016 sigillum
1985 977 2127 1003 meum

185 1051 374 1107 apposui.

241 1142 357 1185 Data
392 1144 506 1198 apud
547 1142 897 1185 ABERBERTHYN
939 1143 1251 1198 quintodecimo
1287 1144 1355 1185 die
1390 1142 1645 1185 Novembris
1685 1158 1797 1185 anno
1839 1143 1961 1198 regni
1998 1143 2131 1199 Regis

184 1233 389 1276 Hssmum
412 1233 521 1275 sexti
542 1237 637 1289 post
658 1237 936 1289 conquestum
957 1233 1152 1276 vicesimo
1175 1242 1338 1288 quarto.

242 1324 339 1367 Seal
361 1339 488 1380 gone.

999 1531 1328 1575 MOLXXVII.

187 1638 351 1682 KING
386 1638 616 1681 HENRY
655 1638 737 1681 VI.
777 1638 1023 1681 GRANTS
1066 1638 1155 1680 AN
1197 1638 1494 1681 ANNUITY
1535 1638 1612 1681 OF
1652 1638 1843 1682 SIXTY
1885 1637 2134 1680 POUNDS

330 1730 406 1772 TO
479 1729 647 1772 JOHN
720 1729 1003 1781 NANFAN,
1066 1729 1172 1771 HIS
1244 1729 1520 1776 ESQUIRE
1595 1729 1673 1772 OF
1745 1729 1875 1771 THE
1947 1728 2134 1780 BODY,

331 1820 756 1863 OHANOELLOR
833 1820 969 1863 AND
1049 1819 1410 1863 OONSTABLE
1491 1819 1569 1862 OF
1647 1819 1924 1862 OARDIFF
2001 1819 2135 1861 AND

332 1912 652 1956 REOEIVER
715 1912 791 1954 OF
858 1911 1253 1954 GLAMORGAN
1320 1911 1443 1953 FOR
1514 1911 1644 1953 THE
1716 1910 1881 1953 LATE
1955 1909 2134 1952 DUKE

330 2003 465 2046 AND
511 2003 682 2046 EARL
723 2003 801 2046 OF
843 2002 1177 2054 WARWIOK,
1218 2001 1472 2045 DURING
1516 2001 1645 2044 THE
1692 2000 2012 2044 MINORITY
2056 2000 2133 2042 OF

330 2094 509 2137 ANNE
585 2093 692 2150 [DE
749 2092 1187 2149 BEAUOHAMP]‚
1246 2092 1600 2135 DAUGHTER.
1657 2092 1791 2135 AND
1864 2091 2132 2134 HEIRESS

331 2185 409 2227 OF
450 2185 580 2228 THE
625 2184 770 2228 SAID
812 2184 1008 2227 DUKE.

778 2291 999 2349 [HARLEY
1032 2292 1264 2343 CHARTER,
1296 2292 1351 2332 84
1383 2290 1430 2333 O.
1465 2290 1558 2347 20].

1289 2400 1341 2439 17
1372 2398 1504 2441 JULY.
1567 2399 1621 2439 25
1654 2397 1884 2440 HEN.V1.
1949 2398 2072 2438 1447.

243 2507 482 2550 HEchos
522 2508 607 2550 Dei
648 2508 788 2564 gratia
829 2507 924 2550 Rex
965 2507 1148 2549 ANGLIE
1198 2513 1238 2548 et
1287 2506 1493 2548 FRANcin
1542 2509 1584 2547 et
1630 2505 1841 2548 Dominus
1892 2504 2130 2546 HIBERNIE

182 2598 378 2642 omnibus
399 2600 452 2641 ad
475 2615 579 2654 quos
599 2602 813 2654 presentes
833 2598 974 2640 littere
995 2598 1265 2653 pervenerint
1288 2597 1481 2639 salutem.

240 2689 392 2732 Sciatis
432 2690 545 2745 quod
586 2705 661 2731 nos
703 2690 1013 2731 considerantes
1049 2688 1264 2730 diutinum
1301 2687 1522 2729 servicium
1558 2687 1672 2742 quod
1708 2686 1886 2728 dilectus
1922 2690 1962 2727 et
1999 2685 2134 2727 fidelis

184 2780 368 2835 armiger
403 2783 544 2822 noster
580 2794 655 2834 pro
692 2795 861 2834 corpore
897 2784 1039 2820 nostro
1074 2778 1103 2820 J
1107 2792 1316 2820 OHANNES
1351 2776 1552 2818 NANFAN
1588 2781 1678 2818 tam
1714 2776 1924 2818 carissimo
1960 2776 2131 2817 domino

184 2873 227 2912 et
261 2870 373 2926 patri
408 2875 551 2912 nostro
592 2870 794 2912 defuncto
836 2870 881 2911 in
922 2869 1086 2924 guerris
1126 2869 1211 2910 suis
1250 2867 1455 2909 FRANCIE
1497 2866 1570 2908 ubi
1610 2867 1868 2922 prisonarius
1907 2874 2053 2920 captus
2093 2870 2134 2906 et

184 2961 392 3003 excessive
440 2961 619 3002 financie
666 2961 934 3015 mancipatus
981 2959 1125 3000 extitit
1171 2962 1218 3000 ut
1268 2958 1423 3000 dicitur
1473 2972 1600 3012 quam
1649 2956 1769 2998 nobis
1819 2971 1865 2997 ac
1915 2955 2135 2997 carissimis

186 3051 510 3107 consanguineis
542 3051 696 3092 nostris
729 3065 865 3105 nuper
893 3049 1036 3092 comiti
1057 3049 1343 3092 WARREWICI
1368 3052 1407 3089 et
1431 3047 1553 3103 uxori
1583 3061 1655 3088 sue
1683 3061 1844 3087 necnon
1874 3060 2008 3100 nuper
2038 3045 2135 3086 (11191
