2386 3645
323 266 434 307 1510

1092 736 1362 780 ΜΟΧΧΙΧ.

303 845 521 889 GRANT
571 845 658 888 BY
707 843 965 887 THOMAS
1014 844 1097 886 ΑΡ
1146 844 1175 888 J
1179 844 1355 888 EVAN
1403 844 1486 887 ΑΡ
1536 843 1714 888 DAVY
1763 843 1840 886 ΤΟ
1892 842 2142 886 ROBERT

622 934 924 986 MATHEW,
967 934 1045 976 OF
1079 934 1256 977 LAND
1298 933 1371 977 IN
1411 933 1822 978 WRYNSTONE.

807 1040 959 1098 [er.
981 1041 1113 1093 Mus„
1133 1040 1252 1083 Am).
1275 1040 1463 1093 CHART„
1486 1040 1679 1098 24,304.]

1435 1134 1460 1173 3
1483 1131 1610 1174 SEPT.
1672 1133 1699 1174 2
1721 1132 1846 1175 HEN.
1869 1132 1951 1176 VI.
2016 1133 2140 1175 1423.

310 1240 456 1282 Sciant
476 1242 690 1296 presentes
710 1243 753 1282 et
772 1239 910 1281 futuri
931 1240 1044 1294 quod
1065 1253 1145 1295 ego
1176 1238 1367 1281 Tnoms
1388 1253 1442 1294 ap
1473 1239 1502 1282 J
1506 1253 1627 1281 EVAN
1661 1254 1715 1295 ap
1744 1239 1880 1282 DAVY
1900 1240 2000 1282 dedi
2021 1239 2202 1284 concessi

252 1334 295 1374 et
315 1331 395 1373 hac
414 1331 600 1387 presenti
621 1334 736 1373 carta
765 1345 860 1372 mea
889 1330 1135 1373 eonfirmavi
1166 1330 1381 1372 Rmmmo
1411 1330 1630 1372 MATnEw
1666 1331 1810 1373 omnia
1842 1334 1975 1373 terras
2009 1334 2052 1374 et
2083 1334 2199 1374 tene-

251 1424 397 1464 menta
427 1437 523 1464 mea
554 1423 677 1477 prata
709 1420 851 1463 boscos
878 1424 1072 1477 pasturas
1099 1423 1143 1464 et
1178 1424 1298 1464 vasta
1333 1436 1429 1464 oum
1466 1421 1663 1464 omnibus
1699 1422 1786 1464 suis
1817 1422 2087 1478 pertinentiis
2121 1437 2203 1478 que

251 1512 385 1555 habeo
406 1513 452 1554 in
473 1511 598 1555 feodo
622 1513 674 1553 de
689 1511 980 1555 WRYNSTONE
1002 1527 1055 1554 ex
1075 1513 1186 1554 dono
1207 1515 1250 1554 et
1270 1512 1562 1555 ffeoffamento
1583 1512 1612 1555 J
1615 1527 1815 1555 OHANNIS
1830 1528 1884 1569 ap
1906 1512 2070 1555 HOELL
2091 1513 2203 1556 Hm

253 1604 471 1660 capellani.
536 1603 802 1646 Habendum
836 1606 879 1645 et
910 1604 1144 1646 tenendum
1177 1604 1321 1646 omnia
1355 1604 1544 1660 predicta
1575 1607 1709 1646 terras
1741 1607 1784 1647 et
1809 1607 2054 1647 tenementa
2081 1607 2204 1660 prata

250 1694 394 1738 bosoos
413 1697 606 1750 pasturas
626 1697 669 1736 et
697 1696 817 1737 vasta
846 1709 942 1737 eum
975 1694 1172 1737 omnibus
1204 1694 1291 1737 suis
1322 1695 1592 1751 pertinentiis
1615 1695 1804 1751 predicto
1839 1695 2053 1738 RoBER'ro
2083 1695 2202 1738 here-

251 1785 375 1828 dibus
395 1788 438 1827 et
458 1784 687 1841 assignatis
707 1784 793 1827 suis
812 1785 1127 1841 imperpetuum
1147 1786 1199 1827 de
1220 1785 1392 1841 capitali
1423 1785 1596 1828 domino
1626 1785 1742 1828 feodi
1772 1785 1887 1828 illius
1917 1801 1992 1841 per
2011 1785 2204 1828 redditus

248 1879 291 1919 et
312 1876 486 1918 servicia
509 1891 590 1931 que
611 1876 666 1918 ad
686 1875 761 1917 ina
780 1876 1009 1931 pertinent.
1070 1875 1131 1918 Et
1152 1891 1231 1932 ego
1252 1891 1351 1918 vero
1381 1876 1595 1932 predictus
1625 1875 1815 1919 'Paomis
1845 1878 1889 1918 et
1918 1875 2093 1919 heredes
2119 1876 2204 1919 mei

250 1967 394 2010 omnia
413 1966 605 2022 predicta
625 1971 759 2009 terras
780 1969 823 2009 et
842 1969 1086 2009 tenementa
1113 1970 1237 2023 prata
1265 1966 1409 2010 boscos
1438 1970 1632 2023 pasturas
1661 1969 1704 2008 et
1732 1969 1852 2009 vasta
1883 1981 1979 2009 cum
2007 1966 2204 2010 omnibus

251 2057 337 2100 suis
375 2057 644 2112 pertinentiis
682 2058 871 2113 predicto
910 2058 1124 2100 Romam
1163 2058 1388 2101 heredibus
1426 2060 1468 2100 et
1502 2057 1730 2114 assignatis
1759 2058 1845 2100 suis
1880 2060 2025 2100 eontra
2059 2073 2205 2101 omnes

255 2151 404 2205 gentes
424 2147 794 2191 warantizabimus
814 2151 858 2191 et
886 2149 1201 2205 imperpetuum
1231 2149 1520 2192 defendemus.
1582 2148 1638 2191 In
1675 2148 1798 2205 eujus
1824 2149 1885 2191 rei
1912 2149 2203 2192 testimonium

255 2239 355 2282 huie
396 2240 582 2295 presenti
621 2242 733 2281 carte
772 2254 865 2282 mee
905 2239 1096 2296 sigillum
1137 2255 1281 2282 meum
1320 2240 1510 2296 apposui.
1572 2239 1675 2282 Hiis
1716 2239 1895 2282 testibus
1929 2273 1937 2282 .
1969 2239 2205 2283 EDWARDO

258 2329 484 2372 DALDEYN
508 2364 516 2372 .
540 2330 803 2372 HOEWELLO
835 2346 889 2388 ap
910 2331 1101 2374 THOMAS
1123 2366 1132 2375 .
1154 2332 1184 2375 J
1187 2347 1245 2374 ON
1266 2332 1458 2374 DRACKE
1482 2367 1490 2375 .
1514 2331 1773 2376 WILLELMO
1794 2331 1935 2373 ADAM
1959 2364 1968 2374 .
1993 2330 2205 2374 ROBER'ro

259 2419 384 2462 Eum
408 2453 417 2463 .
439 2423 487 2463 et*
502 2421 649 2463 multis
669 2421 774 2464 aliis.

320 2511 436 2554 Data
465 2513 580 2568 apud
617 2511 907 2555 WRYNSTONE
943 2513 1073 2556 tercio
1105 2514 1174 2556 die
1213 2513 1474 2570 Septembris
1512 2529 1625 2556 anno
1665 2514 1788 2571 regni
1829 2513 1963 2570 Regis
1999 2512 2204 2556 Hnmum

265 2602 374 2645 sexti
394 2604 489 2658 post
510 2606 787 2658 conquestum
807 2605 1002 2647 seeundo.

322 2693 367 2736 A
386 2695 524 2736 round
545 2694 644 2747 seal,
666 2693 844 2751 bearing
863 2710 889 2737 a
909 2697 1102 2738 crowned
1123 2695 1177 2738 R.
