2386 3645
1868 289 1979 330 1287

158 485 218 527 Et
238 486 291 527 de
310 484 400 539 ipso
432 482 689 527 WILLELMO
710 483 784 538 qui
804 482 910 526 obiit
929 483 1019 526 sine
1038 483 1193 527 herede
1213 486 1265 527 de
1286 501 1328 528 se
1349 487 1516 531 cuidam
1535 489 1756 533 ISABELLE
1777 496 1827 536 ut
1845 496 1973 538 sorori
1992 499 2036 539 et

99 575 257 618 heredi.

158 665 219 708 Et
249 666 301 707 de
330 665 422 721 ipsa
451 663 675 706 ISABELLA
701 664 917 707 descendit
940 664 1012 721 jus
1037 665 1109 708 isti
1136 665 1394 710 WILLELMO
1421 670 1495 725 qui
1524 686 1637 714 nunc
1666 674 1774 729 petit
1799 678 1849 717 ut
1877 676 1963 720 fflio
1992 681 2036 722 et

99 756 257 799 heredi.

157 847 219 889 Et
239 847 351 902 quod
370 847 456 887 tale
477 846 530 888 sit
550 845 621 902 jus
642 860 766 888 suum
788 847 925 899 offert,
947 849 1024 890 etc.

157 937 219 979 Et
247 936 533 980 WILLELMUS
562 937 614 979 de
642 935 837 979 BREWSE
870 937 989 980 venit
1013 940 1055 980 et
1081 938 1274 982 defendit
1300 939 1371 996 jus
1403 956 1539 994 suum,
1561 945 1637 985 etc.
1702 944 1764 987 Et
1792 945 1894 988 dicit
1924 949 2037 1003 quod

98 1028 294 1071 dominus
323 1027 566 1070 JOHANNES
597 1027 694 1069 Rex
725 1042 833 1070 avus
863 1029 1025 1071 domini
1056 1029 1190 1086 Regis
1219 1046 1333 1072 nunc
1362 1032 1482 1074 dedit
1510 1034 1710 1076 concessit
1745 1038 1787 1077 et
1819 1040 1931 1078 carta
1961 1053 2037 1080 sua

102 1119 367 1162 confirmavit
397 1118 567 1160 cuidam
588 1117 846 1162 W1LLELMO
877 1120 929 1161 de
957 1119 1141 1162 BREUSA
1172 1136 1327 1176 proavo
1358 1138 1432 1165 suo
1461 1126 1595 1166 totam
1624 1127 1780 1168 terram
1801 1128 1853 1169 de
1875 1127 2040 1171 GrowER

100 1225 195 1253 cum
225 1209 421 1252 omnibus
452 1210 537 1251 suis
566 1209 880 1264 pertinentibus
908 1210 955 1252 in
985 1210 1194 1255 WALLiA.
1256 1212 1522 1256 Habendum
1556 1218 1599 1257 et
1629 1218 1860 1259 tenendum
1890 1219 1969 1262 sibi
1999 1223 2040 1262 et

96 1300 322 1343 heredibus
343 1300 428 1342 suis
449 1300 501 1341 de
521 1300 612 1356 ipso
633 1301 806 1342 domino
829 1301 950 1357 Rege
971 1304 1014 1343 et
1043 1301 1268 1345 heredibus
1288 1304 1373 1346 suis
1392 1319 1467 1359 per
1487 1305 1709 1349 servicium
1738 1308 1865 1350 unius
1892 1309 2040 1353 militis

96 1407 173 1448 pro
193 1392 310 1434 omni
351 1391 524 1434 servicio
562 1391 693 1433 libere
730 1392 872 1447 quiete
912 1392 1100 1447 plenarie
1138 1393 1366 1436 honorifice
1421 1397 1464 1437 et
1497 1396 1544 1438 in
1579 1411 1680 1452 pace
1715 1413 1811 1441 cum
1846 1400 2041 1444 omnibus

98 1483 367 1526 libertatibus
392 1486 435 1524 et
459 1482 603 1524 liberis
628 1483 1006 1525 consuetudinibus
1028 1484 1113 1526 suis
1142 1485 1188 1526 in
1209 1485 1406 1527 omnibus
1429 1486 1530 1528 locis
1551 1490 1594 1529 et
1621 1488 1815 1531 omnibus
1834 1491 1958 1532 rebus
1988 1493 2042 1534 ad

101 1575 336 1631 predictam
369 1577 526 1616 terram
558 1573 882 1629 pertinentibus.
944 1574 1004 1616 Et
1034 1575 1198 1630 profert
1227 1581 1386 1618 cartam
1415 1578 1594 1632 predicti
1624 1579 1785 1621 domini
1816 1580 1845 1623 J
1847 1595 2045 1625 OHANNIS

104 1664 239 1721 Regis
259 1665 305 1706 in
324 1664 402 1707 hec
424 1664 552 1706 verba
567 1680 638 1706 2-—

248 1756 490 1799 JOHANNES
520 1755 605 1798 Dei
636 1756 775 1811 gratia
807 1756 903 1798 Rex
923 1756 1106 1799 ANGLIE
1138 1758 1335 1800 dominus
1365 1758 1618 1812 Hmmzmn,
1647 1761 1735 1802 dux
1762 1761 2046 1805 NORMANNIE

191 1847 488 1893 AQUITANNOE
523 1851 565 1889 et
598 1862 734 1889 comes
769 1848 1045 1890 ANDEGAVIE
1080 1849 1401 1905 archiepiscopis
1434 1851 1636 1906 episcopis
1666 1851 1887 1895 abbatibus
1918 1855 2044 1895 comi-

187 1938 349 1980 tatibus
378 1937 608 1980 baronibus
638 1937 886 1993 justiciariis
915 1939 1231 1982 vicecomitibus
1260 1940 1429 1983 ballivis
1465 1944 1506 1983 et
1539 1942 1734 1985 omnibus
1770 1944 1974 1986 ministris
2003 1948 2046 1987 et

197 2029 393 2072 fidelibus
415 2029 501 2071 suis
521 2029 714 2071 salutem.

248 2121 399 2164 Sciatis
419 2136 496 2163 nos
517 2121 680 2163 dedisse
703 2121 949 2163 concessisse
971 2125 1014 2163 et
1034 2123 1218 2177 presenti
1243 2125 1357 2165 carta
1378 2126 1523 2165 nostra
1542 2124 1806 2167 confirmasse
1826 2126 1977 2168 dilecto
2008 2129 2051 2169 et

190 2212 307 2255 fideli
328 2216 471 2254 nostro
492 2211 752 2255 WILLELMO
774 2213 826 2254 de
847 2212 1030 2255 BREUSE
1052 2216 1187 2255 totam
1208 2216 1363 2255 terram
1385 2215 1437 2256 de
1470 2214 1639 2256 Gru-Hm
1660 2230 1755 2257 cum
1781 2217 2050 2271 pertinentiis

193 2304 278 2346 suis
303 2303 350 2345 in
370 2302 581 2346 WALLIA.
644 2302 911 2345 Habendum
941 2306 984 2345 et
1011 2305 1245 2346 tenendum
1266 2305 1346 2346 sibi
1371 2309 1414 2347 et
1432 2305 1658 2348 heredibus
1680 2307 1764 2348 suis
1785 2309 1837 2349 de
1858 2308 1978 2350 nobis
2009 2311 2052 2351 et

192 2394 420 2437 heredibus
458 2393 614 2436 nostris
652 2409 728 2449 per
767 2394 989 2436 servicium
1029 2395 1156 2437 unius
1197 2396 1344 2438 militis
1383 2411 1458 2451 pro
1499 2397 1615 2438 omni
1654 2398 1837 2440 servicio.
1911 2398 2052 2444 Quare

193 2486 390 2528 volumus
425 2487 468 2527 et
502 2485 681 2527 firmiter
712 2485 966 2541 precipimus
999 2487 1113 2541 quod
1148 2487 1361 2542 predictus
1393 2487 1678 2529 WILLELMUS
1708 2488 1760 2529 de
1795 2488 1976 2532 BREUSE
2009 2492 2051 2532 et

192 2577 367 2619 heredes
388 2576 454 2618 sui
473 2579 568 2632 post
588 2576 730 2632 ipsum
757 2575 943 2618 habeant
964 2580 1005 2619 et
1026 2580 1200 2619 teneant
1220 2579 1356 2619 totam
1376 2578 1610 2633 predictam
1629 2580 1785 2620 terram
1806 2579 1857 2620 de
1880 2578 2047 2621 GUHER

195 2683 291 2711 cum
321 2666 518 2710 omnibus
547 2667 818 2722 pertinentiis
848 2667 934 2709 suis
963 2668 1009 2709 in
1031 2667 1229 2711 WALLIA
1260 2669 1312 2710 de
1341 2668 1463 2710 nobis
1490 2671 1532 2710 et
1559 2668 1783 2710 heredibus
1803 2671 1955 2711 nostris
1974 2685 2048 2725 per

193 2760 432 2817 predictum
462 2758 698 2810 servicium,
726 2758 835 2800 sicut
869 2757 1107 2814 predictum
1142 2760 1217 2809 est,
1253 2756 1360 2799 bene
1394 2760 1436 2800 et
1470 2758 1515 2800 in
1546 2774 1647 2814 pace
1676 2758 1805 2801 libere
1835 2763 1877 2801 et
1911 2761 2051 2815 quiete

193 2851 361 2907 integre
381 2850 570 2906 plenarie
591 2852 633 2892 et
652 2849 880 2891 honorifice
901 2863 997 2891 cum
1013 2848 1209 2890 omnibus
1228 2847 1495 2891 libertatibus
1516 2851 1557 2890 et
1577 2848 1719 2891 liberis
1739 2852 2050 2894 consuetudini-

192 2942 273 2985 bus
293 2941 380 2983 suis
400 2941 446 2982 in
467 2939 665 2982 omnibus
684 2939 786 2982 locis
802 2942 844 2981 et
864 2938 1061 2981 omnibus
1081 2938 1205 2980 rebus
1221 2939 1275 2980 ad
1295 2939 1528 2994 predictam
1549 2941 1705 2981 terram
1725 2940 2044 2995 pertinentibus.

194 3032 298 3076 Hiis
336 3030 516 3074 testibus
553 3064 561 3072 .
599 3030 883 3072 BALnEwmo
918 3029 1069 3072 comite
1108 3029 1414 3071 ALBEMARLIE
1450 3061 1460 3072 .
1498 3029 1755 3073 WILLELMO
1790 3032 1842 3073 de
1875 3031 2050 3075 HUMET
