2386 3645
1874 282 1982 324 1511

950 481 1195 525 MGXXX.

101 571 484 616 COMMISSION
534 573 623 616 BY
673 572 924 616 JORDAN
972 572 1199 625 ORSINI,
1246 573 1476 616 BISHOP
1529 575 1607 617 OF
1651 576 1921 629 ALBANO,
1973 578 2050 621 ΤΟ

245 655 376 697 THE
417 655 626 698 ABBOT
672 655 750 698 OF
795 654 1087 709 MARGAM,
1139 656 1215 698 TO
1266 656 1438 699 TAKE
1490 656 1621 699 THE
1667 658 2048 705 OONFESSION

243 737 322 780 OF
361 738 496 781 AND
535 738 770 782 ENJOIN
814 738 859 781 A
899 738 1196 781 PENANGE
1241 739 1414 782 UPON
1455 738 1659 784 DAVID
1703 741 2044 796 OARDIGAN,

244 819 481 872 PRIEST,
524 819 674 864 WHO
715 820 855 863 HAD
896 819 1297 864 KNOWINGLY
1344 821 1478 864 AND
1521 821 2049 867 OLANDESTINELY

242 902 539 945 MARRIED
581 902 785 946 DAVID
818 902 901 945 ΑΡ
937 903 966 945 J
972 902 1147 946 EVAN
1183 903 1488 947 DALGRON
1522 904 1658 948 AND
1693 905 2050 950 ANGHARAT

242 984 466 1029 VERGH
526 984 787 1027 PHYLYP
847 984 1007 1037 WYT,
1067 985 1424 1031 RELATIVES
1481 987 1553 1029 IN
1604 987 1736 1030 THE
1787 987 2049 1032 FOURTH

243 1066 514 1119 DEGIOEE,
564 1067 669 1109 E'ro.

811 1124 1043 1181 [MARGAM
1076 1125 1333 1183 CHARTER]

621 1209 648 1249 4
671 1207 739 1250 ID.
768 1209 921 1263 (mm)
946 1207 1047 1250 Ocr.
1110 1210 1199 1250 6ΤΗ
1230 1223 1350 1251 YEAR
1382 1224 1435 1251 OF
1457 1209 1506 1252 P.
1530 1210 1721 1252 MARTIN
1746 1210 1803 1253 V.
1867 1212 1990 1254 1423.

155 1297 185 1341 J
188 1312 392 1341 ORDANUS
418 1298 623 1355 [ORsm]
644 1299 914 1341 miseratione
935 1300 1081 1342 divina
1102 1301 1320 1356 episcopus
1340 1300 1647 1343 ALBANENSIsl
1666 1301 1865 1358 religioso
1885 1302 1975 1344 viro
1998 1336 2007 1345 .
2042 1337 2051 1346 .

98 1388 242 1432 abbati
262 1390 507 1432 monasterii
528 1391 580 1432 de
601 1390 802 1432 MORGAN
819 1390 979 1432 ordinis
996 1391 1327 1434 CISTERCIENSIS
1340 1391 1663 1434 LANDAVENsxs
1679 1392 1855 1435 diocesis
1870 1393 2052 1436 salutem

97 1480 144 1522 in
165 1481 351 1522 domino.

155 1571 226 1613 Ex
260 1576 381 1627 parte
417 1572 574 1614 DAvm
612 1572 850 1615 CARDIGAN
886 1605 894 1614 .
927 1572 1149 1628 presbiteri
1179 1573 1290 1615 dicte
1326 1573 1500 1615 diocesis
1534 1607 1542 1615 .
1574 1573 1697 1616 nobis
1728 1574 1870 1616 oblata
1899 1575 2050 1630 petitio

95 1662 339 1705 continebat
373 1665 487 1718 quod
521 1663 611 1719 ipse
646 1663 748 1705 olim
783 1663 939 1705 DAvm
973 1679 1026 1719 ap
1059 1664 1088 1706 J
1092 1678 1213 1705 EVAN
1255 1663 1477 1706 DALGRON
1513 1664 1670 1707 laicum
1710 1668 1752 1707 et
1784 1664 2048 1707 ANGHARAT

97 1753 223 1796 verch
243 1753 434 1795 PHYLYP
466 1753 583 1797 WYT
603 1754 824 1796 mulierem
844 1754 1009 1809 prefate
1040 1755 1213 1797 diocesis
1236 1789 1244 1797 .
1268 1758 1418 1810 quarto
1449 1755 1667 1798 affinitatis
1698 1757 1836 1811 gradu
1865 1756 2048 1798 invicem

96 1844 345 1899 conjunctos
377 1878 386 1887 .
419 1845 600 1887 scienter
629 1845 1001 1887 matrimonialiter
1022 1845 1282 1887 clandestine
1313 1846 1527 1901 copulavit
1550 1880 1558 1887 .
1582 1849 1753 1902 propter
1774 1861 1856 1901 que
1877 1861 2041 1889 excom-

96 1934 397 1977 municationis
417 1935 702 1991 suspensionis
723 1940 766 1978 et
786 1936 1002 1979 interdicti
1014 1936 1194 1978 incurrit
1208 1937 1439 1979 sententias
1452 1936 1499 1978 in
1515 1937 1621 1978 tales
1636 1952 1712 1992 per
1724 1937 2047 1980 constitutiones

94 2026 372 2081 provinciales
392 2030 434 2068 et
455 2027 680 2081 synodales
701 2030 744 2069 et
764 2027 868 2069 alias
889 2042 914 2069 a
944 2027 1039 2083 jure
1070 2028 1326 2083 generaliter
1355 2028 1660 2084 promulgatas.
1724 2027 1861 2084 Super
1890 2028 2044 2084 quibus

95 2117 325 2173 supplicari
344 2117 446 2160 fecit
466 2117 687 2160 humiliter
706 2119 821 2160 idem
840 2118 1046 2174 presbiter
1066 2118 1146 2160 sibi
1169 2134 1246 2174 per
1268 2119 1408 2160 sedem
1432 2119 1711 2174 apostolicam
1730 2119 2056 2162 misericorditer

93 2208 317 2264 provideri.
379 2209 472 2251 Nos
491 2209 627 2265 igitur
649 2243 657 2251 .
682 2209 932 2252 auctoritate
954 2210 1117 2252 domini
1139 2209 1256 2264 Pape
1277 2209 1400 2266 cujus
1419 2210 1620 2265 primarie
1648 2225 1793 2252 curam
1814 2210 2003 2266 gerimus
2034 2244 2043 2253 .

93 2299 336 2342 discretioni
357 2303 430 2342 tue
451 2300 756 2343 committimus
776 2302 977 2356 quatinus
1000 2335 1008 2342 .
1033 2302 1066 2343 si
1088 2304 1150 2342 est
1170 2301 1232 2343 ita
1255 2335 1263 2343 .
1286 2301 1427 2356 ipsum
1456 2300 1737 2356 presbiterum
1768 2317 1793 2343 a
1813 2302 1937 2344 dictis
1958 2302 2043 2344 suis

93 2393 135 2433 et
156 2391 390 2434 excessibus
410 2391 659 2447 hujusmodi
680 2396 722 2434 et
742 2392 923 2448 peccatis
945 2392 1030 2434 suis
1051 2392 1145 2434 aliis
1166 2407 1247 2447 que
1268 2392 1348 2434 tibi
1379 2391 1649 2434 confitebitur
1672 2427 1680 2435 .
1710 2392 1794 2434 nisi
1823 2392 1928 2434 talia
1958 2392 2044 2435 sint

91 2484 263 2537 propter
293 2497 375 2537 que
401 2483 553 2525 merito
586 2483 641 2525 sit
674 2483 792 2525 sedes
820 2483 1077 2525 consulenda
1110 2517 1118 2524 .
1150 2483 1341 2538 predicta
1372 2482 1563 2525 absolvas
1593 2483 1672 2524 hac
1706 2483 1796 2525 vice
1827 2483 1873 2525 in
1906 2483 2046 2525 forma

92 2572 261 2615 ecclesie
293 2577 503 2616 consueta.
585 2573 646 2616 Et
686 2574 883 2630 injuncta
923 2574 1022 2616 inde
1054 2574 1134 2616 sibi
1173 2589 1249 2629 pro
1289 2575 1414 2616 modo
1445 2574 1567 2630 culpe
1597 2574 1835 2630 penitentia
1866 2574 2043 2616 salutari

93 2664 289 2718 quodque
309 2664 442 2706 dictos
462 2664 617 2706 DAvm
639 2668 681 2706 et
701 2664 966 2707 ANGHARAT
995 2680 1071 2721 pro
1102 2680 1221 2721 posse
1251 2667 1422 2707 moneat
1453 2667 1495 2707 et
1524 2665 1700 2707 inducat
1729 2670 1779 2707 ut
1809 2664 1889 2707 sibi
1919 2679 2044 2720 super

91 2751 170 2795 hoc
204 2753 365 2796 faciant
397 2754 621 2797 salubriter
660 2755 887 2810 provideri.
965 2755 1115 2811 quue
1150 2756 1205 2797 ad
1236 2758 1404 2811 tempus
1443 2758 1571 2811 prout
1604 2756 1801 2811 expedire
1831 2755 1986 2797 videris
2016 2770 2042 2796 a

91 2858 261 2886 suorum
293 2845 490 2887 ordinum
520 2846 765 2888 executione
806 2861 1006 2902 suspenso
1038 2847 1211 2888 demum
1242 2846 1578 2902 suffragantibus
1608 2846 1648 2888 ei
1677 2846 1839 2888 meritis
1870 2845 2037 2900 alioque

91 2935 290 2977 canonico
310 2950 398 2977 non
419 2936 613 2978 obstante
634 2952 759 2992 super
778 2937 1138 2993 irregularitatem
1169 2952 1299 2992 quam
1329 2937 1388 2979 sic
1417 2937 1578 2992 ligatus
1608 2939 1827 2991 tamquam
1859 2936 2039 2992 simplex

91 3027 134 3067 et
153 3024 261 3081 juris
280 3026 456 3082 ignarus
477 3029 520 3068 et
539 3042 627 3069 non
647 3028 693 3069 in
714 3030 1006 3083 contemptum
1027 3028 1209 3070 clavium
1241 3028 1387 3070 divina
1418 3028 1552 3090 officia
1582 3027 1830 3070 celebrando
1861 3029 1904 3069 et
1933 3026 2038 3068 alias
