2386 3645
1947 294 2059 336 1255

887 690 1400 736 DOCCOLXXXVIII.

170 796 548 846 QUI'JJ-OLAJM
570 797 658 840 BY
677 797 707 841 J
711 797 848 840 OHN
869 797 1147 851 DAVENE,
1171 799 1332 852 KNT„
1350 799 1468 843 SON
1489 800 1568 843 OF
1588 800 1821 846 LEISAN
1841 803 2118 860 DAVENE,

227 889 305 932 OF
335 888 512 931 LAND
549 887 623 930 IN
645 887 776 930 THE
807 887 1032 931 MARSH
1064 889 1142 932 OF
1171 890 1390 933 AVENE
1419 890 1496 933 ΤΟ
1527 891 1805 936 MARGAM
1834 894 2061 940 ABBEY.

886 995 1118 1053 [MARGAM
1151 996 1407 1055 CHARTER.]

661 1102 864 1145 Momm
894 1117 1041 1146 AFTER
1072 1103 1140 1147 ST.
1175 1104 1204 1148 J
1207 1120 1302 1147 OHN
1333 1121 1450 1148 ANTE
1482 1106 1531 1150 P.
1555 1106 1607 1150 L.
1685 1108 1711 1150 7
1735 1108 1858 1151 MAY.
1936 1112 2060 1154 1341.

223 1209 449 1252 Universis
471 1208 625 1252 Sancte
644 1210 794 1252 matris
814 1210 915 1252 filiis
935 1212 990 1253 ad
1012 1227 1195 1267 quorum
1224 1213 1427 1255 noticiam
1455 1229 1625 1269 presens
1654 1216 1857 1271 scriptum
1884 1219 2121 1273 pervenerit

165 1301 409 1345 JOHANNES
438 1301 637 1344 DAVENE
667 1302 791 1344 miles
821 1302 935 1345 fflius
966 1305 1009 1345 et
1038 1303 1158 1346 heres
1190 1304 1354 1346 domini
1384 1304 1576 1348 LEISANI
1607 1306 1805 1349 DAVENE
1847 1311 2036 1352 eternam
2075 1310 2124 1352 in

164 1392 354 1435 Domino
375 1392 568 1435 salutem.

222 1483 443 1526 Noveritis
477 1499 546 1526 me
585 1484 832 1526 concessisse
873 1484 1083 1528 relaxasse
1121 1489 1163 1528 et
1199 1486 1372 1529 omnino
1409 1503 1484 1543 pro
1520 1503 1587 1531 me
1620 1491 1662 1530 et
1695 1488 1920 1532 heredibus
1947 1491 2052 1533 meis
2079 1494 2122 1534 et

164 1575 392 1632 assignatis
411 1575 457 1617 in
478 1579 732 1631 perpetuum
754 1576 947 1631 quietum
974 1576 1174 1619 clamasse
1201 1578 1410 1633 religiosis
1430 1578 1530 1620 viris
1561 1613 1568 1621 .
1603 1612 1612 1622 .
1646 1579 1790 1622 abbati
1818 1583 1860 1623 et
1894 1582 2122 1625 conventui

164 1667 218 1709 de
253 1666 460 1709 MARGAN
497 1669 538 1708 et
567 1668 798 1709 eorundem
831 1667 1136 1710 successoribus
1168 1671 1308 1710 totum
1340 1668 1411 1724 jus
1446 1672 1489 1712 et
1522 1670 1721 1712 clamium
1750 1672 1864 1727 quod
1894 1672 2026 1715 habui
2053 1673 2121 1716 vel

164 1757 320 1800 habere
350 1761 497 1814 potero
529 1758 678 1813 quovis
708 1759 834 1800 modo
865 1758 911 1799 in
936 1758 1073 1800 tribus
1102 1759 1207 1800 acris
1233 1762 1274 1801 et
1296 1760 1474 1802 dimidia
1494 1761 1606 1816 prati
1627 1777 1723 1804 cum
1743 1763 1829 1805 suis
1849 1764 2122 1819 pertinenciis

162 1849 210 1891 in
229 1849 407 1891 marisco
429 1848 626 1891 DAVENE
649 1864 754 1904 quas
773 1849 1017 1892 habuerunt
1047 1851 1099 1892 de
1131 1850 1304 1892 domina
1334 1851 1625 1895 MARGARETA
1653 1853 1849 1896 DAVENE
1870 1857 2005 1896 matre
2025 1870 2120 1897 mea

164 1940 212 1983 in
239 1956 347 1996 pura
372 1943 414 1983 et
437 1940 653 1996 legittima
677 1941 885 1983 viduitate
917 1957 993 1984 sua
1023 1943 1076 1984 de
1107 1942 1279 1984 consilio
1304 1944 1345 1984 et
1374 1957 1545 1985 assensu
1575 1959 1669 1986 meo
1690 1944 1732 1986 in
1756 1944 2022 1987 excambium
2041 1961 2118 2001 pro

163 2031 352 2088 quinque
373 2032 478 2073 acris
498 2032 612 2087 pra-ti
631 2032 677 2073 in
702 2033 851 2074 eodem
872 2033 1049 2075 marisco
1070 2033 1280 2075 DAVENE.
1344 2032 1438 2079 Que
1465 2034 1638 2089 quidem
1658 2037 1743 2077 tres
1763 2050 1854 2077 acre
1877 2038 1919 2078 et
1939 2036 2118 2079 dimidia

162 2122 275 2178 prati
306 2123 547 2164 extendunt
576 2137 619 2164 se
650 2124 705 2165 ad
735 2127 923 2166 veterem
953 2124 1068 2166 viam
1099 2125 1144 2166 in
1176 2127 1296 2180 parte
1326 2125 1522 2166 orientali
1553 2128 1595 2167 et
1616 2126 1670 2167 ad
1691 2129 1862 2181 pratum
1884 2126 1913 2169 J
1916 2141 2117 2170 OHANNIS

161 2213 297 2256 DAvY
335 2213 381 2255 in
415 2216 536 2268 parte
565 2214 816 2256 occidentali
847 2218 889 2256 et
924 2216 978 2256 ad
1007 2218 1164 2257 terram
1193 2215 1397 2257 arabilem
1424 2214 1618 2271 ejusdem
1645 2215 1675 2259 J
1678 2231 1876 2259 OHANNIS
1906 2216 2041 2259 DAvY
2067 2217 2114 2260 in

163 2303 467 2346 CLAUDSAUAN
508 2304 553 2346 in
584 2308 705 2360 parte
745 2304 909 2357 boriali,
952 2310 995 2348 et
1045 2309 1212 2362 pratum
1256 2306 1415 2348 fabrice
1465 2307 1518 2348 de
1558 2306 1764 2349 MARGAN
1805 2309 1919 2362 quod
1960 2308 2116 2351 dicitur

163 2396 503 2439 SMYTHESMEDE
524 2397 569 2439 in
590 2400 710 2453 parte
733 2399 921 2440 australi.
985 2398 1251 2441 Habendum
1281 2403 1323 2441 et
1343 2399 1577 2440 tenendum
1603 2398 1812 2453 predictas
1831 2400 1916 2440 tres
1937 2413 2051 2441 acras
2071 2401 2114 2442 et

163 2488 388 2530 dimidiam
402 2489 515 2543 prati
532 2503 628 2530 cum
645 2488 731 2531 suis
744 2489 1018 2545 pertinenciis
1041 2523 1050 2532 .
1073 2490 1272 2546 predictis
1294 2523 1302 2531 .
1328 2523 1336 2532 .
1360 2489 1505 2532 abbati
1519 2492 1561 2530 et
1574 2489 1800 2531 conventui
1821 2492 1864 2531 et
1883 2491 2113 2533 eorundem

160 2578 464 2621 successoribus
491 2578 622 2621 libere
643 2583 685 2620 et
716 2579 858 2634 quiete
879 2579 932 2622 ab
961 2580 1078 2622 omni
1109 2580 1283 2622 seculari
1316 2580 1488 2622 servicio
1509 2582 1552 2621 et
1571 2580 1781 2621 demanda
1802 2579 2112 2635 qualicumque.

159 2669 232 2712 Ita
261 2671 388 2725 plane
418 2672 533 2726 quod
562 2686 640 2713 nec
669 2686 749 2727 ego
780 2672 995 2727 predictus
1025 2672 1055 2715 J
1057 2687 1267 2714 OHANNES
1297 2687 1375 2714 nec
1403 2672 1578 2714 heredes
1607 2671 1692 2713 mei
1720 2671 1788 2713 vel
1813 2671 2018 2728 assignati
2038 2688 2115 2715 nec

162 2760 316 2816 aliquis
335 2761 508 2803 nomine
529 2765 672 2804 nostro
704 2762 867 2818 aliquid
896 2762 1006 2818 juris
1035 2764 1105 2805 vel
1137 2764 1277 2806 clamii
1301 2763 1348 2805 in
1371 2762 1571 2819 predictis
1591 2761 1726 2805 tribus
1746 2763 1851 2804 acris
1872 2765 1914 2805 et
1935 2763 2114 2806 dimidia

160 2852 274 2907 prati
304 2867 401 2894 cum
431 2852 518 2894 suis
547 2853 821 2907 pertinenciis
851 2854 1022 2910 exigere
1053 2856 1120 2896 vel
1150 2854 1371 2897 vendicare
1401 2853 1633 2909 poterimus
1662 2853 1708 2894 in
1728 2856 1991 2908 perpetuum.
2054 2854 2114 2897 Et

162 2958 242 2999 ego
281 2944 498 2999 predictus
537 2943 566 2986 J
569 2958 779 2986 OHANNES
819 2947 862 2986 et
898 2945 1072 2988 heredes
1113 2946 1198 2987 mei
1238 2948 1280 2988 et
1320 2944 1525 3000 assignati
1558 2944 1768 2999 predictas
1805 2947 1887 2986 tres
1919 2960 2035 2987 acras
2069 2948 2113 2989 et

162 3033 386 3076 dimidiam
407 3034 520 3089 prati
541 3049 638 3076 cum
653 3035 739 3076 suis
759 3035 1036 3090 pertinenciis
1054 3070 1062 3078 .
1081 3036 1281 3092 predictis
1304 3069 1312 3078 .
1337 3069 1346 3078 .
1370 3035 1514 3077 abbati
1535 3038 1577 3077 et
1590 3035 1816 3077 conventui
1829 3038 1870 3077 et
1887 3036 2116 3079 eorundem
