2386 3645
1896 309 2004 350 1467

123 505 348 550 WALTERI
380 506 636 548 MARCHALL
670 539 679 548 .
717 507 747 549 J
749 521 948 549 OHANNIS
978 506 1139 550 Smm
1176 542 1184 551 .
1223 509 1472 552 WILLELMI
1503 511 1760 555 WINSHULL
1794 548 1802 556 .
1838 514 2062 558 WALTmu

123 596 375 640 WADDMAN
398 631 407 639 .
430 601 473 639 et
493 596 691 639 RmARm
714 595 974 640 Wmcnnm,
997 632 1005 640 .
1029 599 1103 654 qui
1130 599 1280 641 dicunt
1310 614 1436 656 super
1455 606 1765 645 sacramentum
1794 619 1917 647 suum
1948 606 2062 661 quod

119 687 418 730 LAURENTIUS
457 687 767 730 BERKEROLLE
808 687 993 730 chivaler
1031 689 1078 731 in
1117 689 1230 732 dicto
1265 689 1384 732 brevi
1423 691 1666 735 nominatus
1705 693 1790 736 fuit
1820 695 1984 737 seisitus
2014 696 2061 737 in

122 778 334 821 dominico
355 792 430 820 suo
450 781 500 820 ut
520 779 572 820 de
592 778 717 820 feodo
738 779 806 821 die
836 793 920 834 quo
948 779 1053 822 obiit
1077 779 1123 822 in
1152 780 1354 823 maneriis
1377 781 1430 823 de
1457 781 1788 825 ESTNORCHARD
1809 783 2062 827 MARTHER-

124 883 294 912 MAWRE
335 871 378 911 et
417 868 610 911 LANFEY
648 869 695 911 in
731 868 1100 912 OGGMORESLAND
1133 885 1229 913 cum
1261 872 1532 927 pertinenciis
1560 873 1606 914 in
1636 873 1831 916 Marchia
1863 876 2062 930 predicta.

122 959 183 1002 Et
203 960 317 1015 quod
337 959 452 1001 idem
472 958 768 1002 LAURENTIUS
799 960 913 1002 dicta
941 961 1132 1003 maneria
1156 962 1209 1003 de
1234 961 1566 1005 ESTNORCHARD
1599 966 1643 1006 et
1671 964 2064 1008 MARTHERMAURE

123 1065 220 1093 cum
253 1050 526 1106 pertinenciis
548 1050 689 1093 tenuit
713 1051 766 1093 de
796 1051 1001 1094 RICARDO
1029 1053 1201 1095 domino
1228 1053 1268 1095 10
1303 1053 1571 1096 DEsPENSER
1604 1054 1720 1097 ins-ra
1753 1058 1910 1098 etatem
1943 1060 1986 1099 et
2019 1057 2065 1099 in

121 1141 312 1184 custodia
341 1140 504 1183 domini
534 1140 668 1197 Regis
688 1141 895 1184 existente
925 1146 976 1185 ut
1001 1143 1053 1185 de
1084 1143 1297 1207 dominico
1321 1159 1396 1187 suo
1427 1145 1479 1187 de
1510 1144 1705 1188 KERDYF
1740 1161 1815 1201 per
1846 1147 2067 1190 servicium

121 1232 362 1275 medietatis
381 1232 510 1274 unius
530 1231 645 1274 feodi
664 1232 827 1275 111111113.
889 1233 950 1276 Ε1
971 1235 1085 1289 quod
1106 1235 1270 1277 dictum
1289 1236 1527 1278 manerium
1548 1237 1600 1278 de
1631 1236 1823 1279 Limam
1848 1253 1944 1280 cum
1973 1253 2065 1294 per-

121 1323 319 1366 tinenciis
343 1323 484 1366 tenuit
512 1323 565 1366 de
595 1323 767 1366 domino
795 1323 917 1380 Rege
953 1328 995 1367 et
1028 1326 1081 1368 de
1117 1327 1275 1368 ducatu
1307 1341 1382 1369 suo
1416 1326 1703 1370 LANCAsmm
1739 1343 1814 1384 per
1846 1328 2068 1371 servicium

124 1418 273 1471 quarte
313 1414 445 1471 partis
485 1415 613 1458 unius
652 1415 768 1458 feodi
806 1415 968 1458 militis.
1041 1416 1102 1459 Et
1142 1417 1291 1460 dicunt
1325 1419 1435 1473 quod
1477 1418 1715 1474 predictum
1749 1419 1987 1461 manerium
2018 1420 2070 1463 de

123 1507 457 1549 ESTNORCHARD
498 1521 594 1549 011111
634 1507 906 1563 pertinenciis
946 1507 1059 1550 valet
1098 1523 1173 1564 per
1213 1524 1375 1551 annum
1413 1509 1460 1552 in
1500 1509 1697 1552 omnibus
1736 1509 1919 1552 exitibus
1957 1511 2071 1553 ultra

121 1597 302 1654 reprisas
332 1612 413 1639 vn.
446 1612 620 1640 marcas.
681 1597 742 1639 Et
774 1599 888 1654 quod
916 1599 1155 1654 predictum
1189 1600 1428 1642 manerium
1462 1601 1515 1642 de
1547 1600 1942 1643 MARTHERMAURE
1975 1615 2071 1643 cum

123 1689 396 1746 pertinenciis
416 1689 530 1731 valet
550 1704 625 1745 per
645 1704 804 1731 annum
827 1689 874 1731 in
895 1689 1091 1732 omnibus
1111 1690 1295 1733 exitibus
1315 1706 1395 1733 vn.
1418 1706 1592 1734 marcas.
1653 1691 1714 1734 Et
1748 1692 1984 1734 manerium
2020 1693 2072 1735 de

125 1780 316 1824 LANFEY
328 1781 442 1823 valet
454 1781 500 1823 in
521 1796 557 1823 0.
577 1796 612 1824 0.
630 1797 672 1823 11.
689 1797 723 1824 r.
743 1796 824 1823 vn.
849 1796 1019 1824 marcas.
1072 1781 1133 1824 Et
1155 1783 1303 1825 dicunt
1315 1783 1429 1838 quod
1444 1783 1704 1825 EDWARDUS
1721 1782 2010 1825 STRADLINGE
2027 1786 2070 1826 et

123 1872 154 1916 J
156 1886 366 1914 OHANNES
405 1871 694 1915 STRADLINGE
737 1875 836 1914 suut
872 1873 1177 1929 consanguinei
1217 1876 1260 1916 et
1311 1874 1632 1929 propinquiores
1675 1874 1848 1916 heredes
1892 1874 2071 1930 predicti

125 1962 388 2006 LAURENTII
405 1997 414 2006 .
432 1963 629 2005 videlicet
650 1963 912 2005 EDWARDUS
932 1963 1045 2006 filius
1066 1963 1315 2007 WILLELMI
1331 1963 1409 2006 filii
1421 1963 1726 2007 WENTHELAN
1740 1964 1867 2006 unius
1883 1979 2071 2007 sororum

125 2057 170 2096 et
189 2053 395 2097 heredum
409 2054 589 2110 predicti
604 2054 867 2097 LAURENTII
884 2057 927 2097 et
941 2055 1154 2111 predictus
1174 2055 1204 2098 J
1206 2069 1416 2097 OHANNES
1431 2055 1544 2097 filius
1560 2055 1680 2097 SARE
1695 2056 1868 2098 alterius
1883 2069 2071 2098 sororum

123 2148 166 2188 et
186 2145 391 2188 heredum
410 2146 589 2200 predicti
620 2145 895 2188 LAURENTH.
957 2145 1017 2188 Et
1038 2146 1187 2188 dicunt
1208 2147 1322 2201 quod
1342 2146 1558 2202 predictus
1579 2145 1841 2188 EDWARDUS
1862 2149 1925 2188 est
1947 2146 2070 2189 etatis

125 2250 459 2279 xx11.annorum
472 2238 514 2278 et
522 2235 718 2292 amplius.
751 2236 813 2278 Et
827 2236 1040 2292 predictus
1049 2236 1078 2279 J
1081 2250 1290 2278 OHANNES
1298 2235 1559 2278 STRADLING
1573 2240 1634 2279 est
1644 2236 1768 2278 etatis
1780 2250 1850 2278 Lx.
1861 2251 2070 2279 annorum

125 2329 168 2368 et
188 2327 384 2382 amplius.
446 2326 506 2368 Et
526 2327 675 2369 dicunt
694 2327 873 2370 uiterius
895 2328 1009 2382 quod
1030 2327 1204 2382 quidam
1225 2327 1456 2369 RICARDUS
1477 2326 1776 2369 TURBURVILL
1797 2327 1879 2369 fuit
1906 2327 2070 2369 seisitus

124 2417 172 2459 in
220 2417 431 2460 dominico
474 2432 548 2460 suo
575 2420 624 2459 ut
656 2418 708 2460 de
740 2417 865 2460 feodo
897 2419 950 2460 de
984 2421 1119 2460 castro
1146 2417 1334 2460 manerio
1360 2421 1403 2460 et
1437 2417 1625 2460 dominio
1661 2418 1714 2459 de
1747 2417 1912 2459 COITYF
1942 2421 1984 2459 01
2017 2418 2069 2460 (10

125 2508 324 2550 maneriis
355 2509 408 2550 de
443 2507 723 2550 NEWCASTLE
755 2508 998 2552 NEWLAND
1025 2512 1069 2551 et
1097 2507 1329 2550 LANHARY
1361 2523 1457 2550 cum
1489 2508 1761 2563 pertinenciis
1785 2508 1829 2549 in
1865 2508 2069 2550 comitatu

126 2597 487 2641 GLAMORGANCIE
533 2599 579 2641 in
624 2598 820 2641 Marchia
853 2599 1043 2655 predicta
1075 2603 1116 2641 et
1156 2599 1256 2641 inde
1297 2599 1349 2641 de
1380 2598 1459 2640 tali
1491 2601 1606 2641 statu
1636 2598 1740 2641 obiit
1776 2598 1942 2640 scisitus
1977 2598 2066 2640 sine

123 2687 277 2731 herede
298 2689 350 2731 de
371 2704 541 2745 corpore
561 2704 636 2732 suo
655 2692 774 2745 ,post
790 2689 913 2746 cujus
933 2692 1112 2732 mortem
1128 2690 1316 2745 predicta
1329 2692 1511 2732 castrum
1524 2689 1762 2731 manerium
1777 2691 1820 2730 et
1832 2689 2068 2731 dominium

125 2780 176 2822 de
206 2779 372 2822 OOITYF
393 2783 436 2822 et
455 2795 510 2822 111.
535 2781 588 2822 (10
609 2780 668 2823 N.
691 2780 749 2823 N.
773 2783 815 2823 01
835 2780 887 2823 L.
921 2796 1017 2823 cum
1046 2783 1152 2836 pert.
1185 2781 1494 2824 descenderunt
1523 2779 1689 2836 prefato
1720 2779 1991 2821 LAURENTIO
2021 2794 2069 2822 ac

125 2869 445 2925 quibuscunque
465 2869 686 2912 ISABELLE
708 2871 794 2913 filie
815 2871 1012 2913 RmARm
1044 2870 1308 2913 STAKEPOLE
1340 2871 1369 2913 J
1372 2885 1549 2912 OHANNI
1581 2872 1633 2912 de
1663 2870 1705 2912 la
1732 2870 1863 2912 BEER
1885 2870 2069 2912 chivaler

124 2964 166 3002 et
196 2959 454 3003 WILLELMO
486 2960 683 3003 GAMAGE
722 2961 936 3004 defunctis
975 2962 1300 3018 consanguineis
1331 2964 1374 3004 01
1405 2960 1630 3003 heredibus
1658 2960 1838 3016 predicti
1870 2960 2065 3002 RmARm

124 3049 423 3093 TURBURVILL
453 3051 648 3093 similiter
677 3052 882 3103 defuncti,
914 3052 1110 3094 videlicet
1138 3052 1303 3107 prefato
1336 3051 1604 3094 LAURENno
1645 3054 1693 3093 ut
1731 3051 1819 3093 filio
1848 3053 1891 3093 01
1921 3050 2066 3093 heredi
