2386 3645
1918 305 2028 346 1443

958 621 1280 666 MLXXXVI.

139 728 532 772 INSPEXIMUS
612 728 700 771 BY
779 728 1011 771 HENRY
1088 728 1171 773 IV.
1241 728 1320 771 OF
1392 729 1523 772 THE
1602 730 1933 776 OHARTERS
2007 733 2085 776 OF

284 821 339 862 33
389 818 671 862 EDWARD
722 818 815 862 III.
859 819 996 862 AND
1048 820 1103 862 17
1156 820 1235 862 OF
1297 819 1579 864 EDWARD
1645 821 1710 864 II.
1758 822 1834 865 ΤΟ
1895 823 2087 866 HUGH

281 910 417 953 AND
449 910 733 954 EDWARD
768 910 848 953 LE
890 911 1272 964 DESPENSER,
1308 912 1444 955 AND
1483 912 1969 957 CONFIRMATION
2010 914 2086 958 ΤΟ

282 1001 414 1044 ΤΗΕ
455 1001 816 1045 BURGESSES
859 1002 938 1045 OF
980 1002 1271 1046 OARDIFF.

874 1110 1101 1168 [CARDIFF
1145 1111 1354 1169 CASTLE]

1284 1221 1339 1262 20
1372 1220 1482 1262 FER.
1544 1221 1570 1262 2
1602 1220 1728 1263 HEN.
1759 1220 1842 1263 IV.
1906 1221 2030 1262 1401.

191 1327 433 1370 Hmmcns
474 1327 558 1370 Dei
599 1327 743 1383 gracia
785 1327 880 1370 Rex
923 1329 1107 1370 ANGmE
1148 1332 1190 1370 et
1231 1327 1466 1370 FFRANCIE
1508 1331 1550 1370 et
1589 1328 1803 1370 Dominus
1844 1328 2084 1371 HIBERNIE

134 1418 331 1461 omnibus
352 1419 406 1461 ad
428 1433 534 1474 quos
553 1422 769 1475 presentes
789 1419 930 1461 littere
952 1419 1225 1475 pervenerint
1245 1420 1440 1462 salutem.

194 1509 468 1566 Inspeximus
499 1513 659 1553 cartam
690 1510 854 1553 domini
885 1510 938 1553 E.
961 1526 1099 1566 nuper
1129 1511 1264 1567 Regis
1293 1510 1479 1553 ANGLIE
1510 1511 1579 1553 avi
1599 1510 1733 1553 nostri
1760 1510 1919 1553 factam
1939 1511 1985 1552 in
2015 1510 2092 1552 hec

134 1600 263 1644 verba
278 1616 348 1643 :—

193 1691 457 1734 EDWARDUS
491 1691 577 1735 Dei
617 1694 761 1749 gracia
801 1692 898 1734 Rex
934 1692 1118 1734 Arx-sm:
1153 1696 1195 1734 et
1236 1693 1471 1735 FFRANCOE
1512 1696 1553 1735 et
1596 1692 1806 1734 Dominus
1847 1692 2089 1734 HIBERNIE

136 1783 459 1840 archiepiscopis
518 1784 722 1840 episcopis
781 1783 1007 1827 abbatibus
1066 1784 1278 1841 prioribus
1338 1784 1516 1826 ducibus
1575 1783 1800 1826 comitibus
1857 1783 2088 1826 baronibus

135 1875 383 1932 justiciariis
404 1875 720 1918 vicecomitibus
750 1876 974 1932 prepositis
1005 1876 1211 1918 ministris
1236 1879 1277 1918 et
1299 1875 1496 1918 omnibus
1526 1875 1695 1917 ballivis
1715 1878 1759 1917 et
1778 1874 1973 1918 fidelibus
2003 1875 2089 1917 suis

134 1967 327 2010 salutem.

189 2058 464 2115 Inspeximus
483 2062 645 2101 cartam
667 2059 831 2101 domini
851 2058 905 2102 E.
929 2074 1066 2115 nuper
1096 2059 1230 2115 Regis
1249 2059 1434 2101 ANGLIE
1455 2059 1589 2115 patris
1609 2059 1743 2101 nostri
1764 2057 1923 2100 factam
1943 2057 1988 2099 in
2009 2057 2087 2099 hec

133 2148 261 2191 verba
281 2165 350 2191 :-

188 2240 451 2283 EDWARDUS
481 2241 566 2284 Dei
597 2241 740 2297 gracia
760 2241 858 2283 Rex
888 2241 1073 2284 ANGLIE
1105 2241 1319 2283 Dominus
1351 2240 1592 2283 HIBERNIE
1614 2243 1656 2282 et
1686 2240 1790 2282 Dux
1820 2240 2083 2284 AomTANm

130 2331 453 2388 archiepiscopis
483 2333 688 2388 episcopis
717 2332 943 2375 abbatibus
970 2332 1181 2388 prioribus
1202 2332 1426 2374 comitibus
1446 2331 1676 2374 baronibus
1700 2331 1944 2387 justiciariis
1975 2330 2082 2372 vice-

127 2422 351 2466 comitibus
369 2423 596 2479 prepositis
616 2423 825 2466 ministris
846 2426 888 2466 et
909 2423 1107 2466 omnibus
1128 2423 1298 2465 ballivis
1319 2426 1361 2466 et
1381 2422 1580 2465 fidelibus
1600 2423 1687 2465 suis
1708 2422 1900 2464 salutem.

186 2513 339 2556 Sciatis
358 2528 436 2556 nos
457 2515 509 2555 de
530 2514 674 2570 gracia
695 2514 867 2570 speciali
888 2515 1134 2557 concessisse
1156 2518 1198 2556 et
1218 2514 1296 2556 hac
1318 2518 1433 2556 carta
1456 2517 1601 2556 nostra
1631 2513 1896 2555 confirmasse
1928 2511 2082 2554 dilecto

127 2608 170 2647 et
190 2604 307 2647 fideli
327 2607 472 2647 nostro
503 2604 695 2647 HUGONI
715 2605 756 2648 le
787 2605 1058 2648 DESPENSER
1081 2605 1245 2660 juniori
1267 2605 1381 2661 quod
1401 2605 1491 2660 ipse
1513 2609 1555 2646 et
1583 2603 1759 2646 heredes
1780 2603 1845 2644 sui
1866 2617 1914 2644 ac
1933 2617 2080 2644 eorum

126 2695 360 2751 burgenses
388 2698 431 2736 et
451 2695 526 2737 alii
545 2695 739 2738 homines
767 2699 809 2738 et
829 2699 1024 2739 tenentes
1044 2697 1097 2738 de
1118 2695 1314 2738 KERDYF
1338 2729 1347 2737 .
1369 2694 1474 2737 st
1497 2729 1505 2736 .
1528 2694 1771 2737 KAERLION
1796 2726 1804 2734 .
1828 2691 2051 2735 NEUPORT
2069 2724 2078 2733 .

127 2785 405 2829 OOUBRUGGE
429 2821 438 2828 .
470 2786 641 2829 NEETH
672 2791 716 2829 et
745 2787 974 2830 KENEFEG
1005 2787 1050 2829 in
1072 2786 1271 2830 WALLIA
1302 2787 1354 2828 de
1386 2785 1583 2828 omnibus
1611 2783 1738 2826 rebus
1767 2785 1811 2825 et
1840 2782 1963 2825 bonis
1993 2782 2081 2825 suis

123 2879 214 2919 tam
253 2877 452 2920 videlicet
489 2877 796 2920 merchandisis
835 2893 965 2934 quam
1005 2878 1100 2920 aliis
1132 2877 1450 2933 imperpetuum
1482 2876 1568 2918 sint
1604 2873 1738 2930 quieti
1777 2874 1830 2915 de
1862 2872 2080 2915 theolonio

123 2968 320 3024 muragio
351 2968 557 3024 pontagio
592 2969 778 3025 panagio
813 2969 996 3025 lastagio
1030 2968 1226 3024 stallagio
1262 2967 1428 3024 picagio
1464 2965 1661 3022 tronagio
1690 2964 1861 3020 kaiagio
1891 2963 2079 3020 terragio

125 3072 290 3100 necnon
311 3059 364 3101 de
385 3058 583 3101 omnibus
603 3058 699 3101 aliis
719 3059 925 3102 custumis
946 3062 990 3102 et
1020 3057 1398 3102 consuetudinibus
1427 3063 1503 3113 per
1522 3059 1662 3099 totum
1682 3069 1865 3111 regnum
1885 3057 2080 3097 nostrum
