2386 3645
1901 248 2010 289 1415

123 449 280 504 placita
300 464 449 492 corone
469 450 522 491 de
544 449 740 491 omnibus
760 448 930 491 feloniis
950 448 1065 491 infra
1085 448 1251 491 bundas
1269 449 1477 492 libertatis
1494 451 1532 506 ej
1538 452 1684 493 usdem
1703 453 1799 494 ville
1816 453 2067 496 durantibus

122 539 209 582 illis
228 540 433 582 nundinis
453 540 577 582 factis
598 555 645 582 ac
665 539 749 582 alia
770 540 925 595 placita
944 540 997 581 de
1026 540 1432 596 transgressionibus
1461 541 1614 584 debitis
1643 547 1685 584 et
1715 544 2064 586 convencionibus

126 634 169 673 et
184 630 278 673 aliis
291 630 466 673 diversis
479 629 762 673 contractibus
774 629 1015 685 ubicunque
1028 629 1191 672 fuerint
1201 630 1326 672 facta.
1389 630 1449 673 Et
1465 632 1742 674 concessimus
1757 633 1954 688 predictis
1968 634 2065 676 bur-

124 721 326 777 gensibus
347 722 461 777 quod
482 720 736 764 durantibus
755 720 954 776 predictis
974 720 1180 762 nundinis
1200 721 1344 764 nullus
1363 726 1569 765 mercator
1584 723 1747 779 aliquas
1758 724 2068 766 mei-chandisas

124 815 238 854 emat
258 813 326 854 vel
346 813 501 855 vendet
522 815 642 854 extra
657 811 753 854 illas
767 811 983 854 nundinas
996 811 1108 854 inter
1122 811 1321 854 Rmffm
1335 815 1377 855 et
1394 812 1694 856 POLTHCANAN
1709 813 1786 856 sub
1802 814 2068 857 forisfactura

125 917 271 944 earum
291 903 682 945 merchandisarum
704 905 747 944 et
766 902 889 959 gravi
913 903 1254 946 amerciamentO.
1328 904 1389 946 Et
1409 904 1490 947 alie
1510 905 1702 948 nundine
1723 906 1808 948 sint
1829 906 1896 948 die
1918 905 2069 948 Martis

123 994 170 1035 in
191 994 428 1049 septimana
448 993 717 1036 Pentecostes
738 1009 819 1051 que
840 994 1033 1037 nundine
1055 995 1197 1050 quiete
1218 996 1304 1038 sint
1328 997 1381 1038 de
1411 996 1572 1039 tolneto
1603 999 1747 1039 tamen
1777 997 1823 1038 in
1852 997 1999 1053 vigilia
2031 1001 2072 1038 et

125 1084 171 1126 in
193 1084 262 1126 die
285 1085 490 1140 sequenti.

185 1175 476 1218 Ooncessimus
497 1176 669 1232 insuper
689 1176 867 1232 prefatis
886 1175 1170 1234 burgensibus
1190 1178 1343 1220 nostris
1371 1179 1485 1233 quod
1516 1178 1850 1221 constabularius
1881 1194 1954 1221 seu
1983 1196 2075 1236 pre-

124 1266 287 1322 positus
320 1267 420 1308 ville
453 1271 595 1309 nostre
628 1267 814 1322 predicte
849 1271 993 1310 teneat
1028 1268 1185 1323 placita
1219 1272 1367 1311 vocata
1408 1270 1642 1325 pepoudres
1683 1270 1735 1312 de
1774 1270 1843 1312 die
1878 1271 1923 1312 in
1964 1272 2077 1313 diem

125 1359 464 1414 quandocunque
495 1373 660 1401 necesse
691 1358 834 1400 fuerit.
896 1358 957 1401 Et
988 1360 1131 1401 omnia
1161 1359 1245 1402 alia
1275 1360 1431 1416 placita
1461 1360 1745 1403 terminentur
1776 1362 1827 1403 de
1858 1377 1999 1404 mense
2031 1364 2075 1404 in

121 1464 311 1492 mensem
332 1465 471 1492 eoram
492 1450 737 1493 vicecomite
761 1449 1123 1493 GLAMORGANCIE
1144 1451 1190 1493 in
1210 1451 1326 1494 curia
1345 1451 1445 1494 ville
1466 1455 1608 1494 nostre
1628 1453 1827 1508 predicte.

181 1540 474 1584 Concessimus
505 1542 641 1584 eciam
671 1543 786 1598 quod
816 1541 1151 1585 constabularius
1182 1546 1323 1585 noster
1354 1543 1406 1585 de
1437 1542 1633 1585 Km-FEG
1665 1544 1739 1599 qui
1779 1559 1854 1600 pro
1885 1548 2074 1601 tempore

121 1631 255 1674 fuerit
277 1633 329 1674 de
351 1636 487 1674 cetero
507 1633 633 1674 faciet
655 1632 840 1675 officium
861 1633 1117 1675 coronatoris
1138 1634 1190 1674 de
1210 1633 1406 1676 omnibus
1425 1633 1674 1676 infortuniis
1703 1634 1817 1676 infra
1837 1634 2077 1678 libertatem

124 1723 360 1778 predictam
382 1723 742 1780 contingentibus.

175 1813 376 1857 Preterea
412 1816 690 1857 concessimus
725 1815 901 1871 prefatis
936 1815 1219 1872 burgensibus
1255 1816 1408 1858 nostris
1448 1817 1562 1871 quod
1596 1816 1678 1871 ipsi
1715 1819 1757 1858 et
1796 1817 1970 1859 heredes
2005 1818 2070 1860 sui

117 1905 305 1948 habeant
335 1921 603 1949 communem
632 1910 852 1962 pasturam
881 1907 926 1949 in
957 1907 1252 1950 communibus
1283 1907 1466 1962 pasturis
1501 1906 1697 1964 [quibus]
1734 1908 1798 1949 usi
1828 1908 1990 1950 fuerint
2022 1924 2074 1950 ex

117 1997 292 2053 antiquo
315 2013 390 2052 pro
412 1998 563 2040 averiis
584 1997 670 2040 suis
691 1998 961 2054 pasturandis
982 2002 1023 2040 et
1045 1998 1139 2040 aliis
1160 1998 1418 2041 aisiamentis
1440 1998 1486 2040 in
1516 1998 1674 2040 eisdem
1704 1998 1910 2041 habendis
1942 2004 2066 2055 prout

122 2087 275 2130 habere
298 2087 489 2130 solebant
510 2093 699 2144 tempore
721 2092 1031 2131 antecessorum
1051 2091 1303 2130 nostrorum.
1365 2088 1458 2131 Nos
1479 2093 1621 2131 autem
1643 2089 1894 2131 donaciones
1915 2095 1955 2131 et
1978 2105 2073 2132 con-

122 2179 326 2221 cessiones
361 2179 571 2235 predictas
603 2182 717 2221 ratas
749 2179 952 2222 habentes
983 2183 1025 2221 et
1055 2182 1198 2235 gratas
1229 2194 1299 2221 eas
1328 2194 1403 2235 pro
1434 2179 1555 2222 nobis
1594 2182 1637 2222 et
1666 2179 1890 2222 heredibus
1921 2181 2074 2222 nostris

118 2270 318 2325 predictis
339 2269 622 2326 burgensibus
641 2270 796 2313 nostris
818 2269 1085 2312 concedimus
1101 2272 1144 2311 et
1165 2270 1460 2312 confirmamus
1476 2284 1628 2325 easque
1645 2273 1790 2312 tenore
1809 2270 2070 2325 presencium

120 2361 386 2404 innovamus.
448 2361 653 2404 Volentes
683 2364 726 2403 et
754 2362 1027 2403 concedentes
1057 2376 1132 2416 pro
1163 2360 1285 2403 nobis
1315 2365 1357 2403 et
1386 2361 1611 2404 heredibus
1641 2361 1796 2404 nostris
1821 2363 1934 2417 quod
1955 2366 2068 2404 carta

117 2453 307 2508 predicta
326 2453 370 2494 in
394 2452 590 2496 omnibus
612 2458 654 2495 et
674 2453 855 2509 singulis
876 2452 1065 2494 articulis
1086 2452 1173 2494 suis
1192 2452 1507 2508 imperpetuum
1533 2453 1710 2495 firmiter
1730 2456 1773 2494 et
1792 2452 2065 2495 immobiliter

118 2543 361 2587 observetur
381 2544 514 2587 eciam
535 2544 569 2586 si
591 2544 723 2599 aliqui
754 2543 923 2586 articuli
943 2544 988 2585 in
1010 2544 1156 2585 eadem
1178 2546 1291 2585 carta
1323 2543 1512 2586 contenti
1531 2543 1747 2599 hucusque
1777 2543 1955 2585 forsitan
1976 2558 2061 2585 non

115 2634 277 2677 fuerint
297 2634 518 2677 observati.
579 2634 636 2676 In
649 2634 717 2690 cuj
724 2650 772 2676 us
785 2634 846 2676 rei
862 2634 1154 2677 testimonium
1169 2634 1268 2676 huic
1281 2634 1465 2690 presenti
1481 2637 1593 2676 carte
1610 2634 1800 2690 sigillum
1816 2635 2060 2676 cancellarie

115 2728 255 2768 nostre
277 2726 329 2768 de
349 2724 593 2767 KAERDIYF
616 2725 815 2766 duximus
836 2726 1150 2780 apponendum.
1202 2724 1305 2766 Hiis
1325 2724 1503 2767 testibus
1520 2757 1528 2766 .
1545 2723 1854 2767 venerabilibus
1869 2724 2060 2780 patribus

115 2815 330 2857 HEcho
361 2815 513 2857 abbate
544 2816 596 2857 de
625 2815 830 2857 MARGAN
854 2849 862 2857 .
887 2815 1055 2858 ΤΗΟΜΑ
1087 2815 1239 2858 abbate
1275 2816 1327 2858 de
1359 2815 1498 2858 NETH
1521 2850 1529 2857 .
1554 2815 1725 2857 domino
1757 2814 1787 2858 J
1789 2829 1975 2857 OHANNE
2006 2817 2059 2858 de

116 2905 358 2948 GovENmE
380 2906 673 2949 archidiacono
695 2905 994 2948 LANDAVENSI
1016 2910 1057 2948 et
1078 2907 1248 2949 custode
1269 2906 1448 2949 dominii
1470 2905 1828 2948 GLAMORGANCIE
1859 2910 1901 2948 et
1931 2906 2056 2948 Mon-

116 3010 280 3038 GANCIE
297 3030 306 3038 .
327 2996 510 3038 dominis
530 2995 736 3038 Rmmno
752 2996 805 3038 de
821 2995 1185 3038 THURBERVILLE
1203 3030 1211 3038 .
1230 2995 1259 3038 J
1262 3010 1450 3038 οΗΑΝΝΕ
1466 2996 1505 3038 le
1521 2995 1725 3038 NORRms
1742 3028 1751 3038 .
1770 2995 1800 3039 J
1802 3010 1986 3038 OHANNE
2008 2998 2060 3039 de

114 3085 157 3128 la
176 3085 297 3128 Sami
319 3119 328 3128 .
350 3085 480 3128 Emi
501 3085 671 3128 BAssn'r
692 3085 900 3128 militibus
919 3088 963 3129 et
982 3086 1090 3128 aliis.
