<?xml version="1.0" encoding="UTF-8"?>
<!DOCTYPE html PUBLIC "-//W3C//DTD XHTML 1.0 Transitional//EN"
    "http://www.w3.org/TR/xhtml1/DTD/xhtml1-transitional.dtd">
<html xmlns="http://www.w3.org/1999/xhtml" xml:lang="en" lang="en">
 <head>
  <title>
</title>
<meta http-equiv="Content-Type" content="text/html;charset=utf-8" />
  <meta name='ocr-system' content='tesseract 3.04.00' />
  <meta name='ocr-capabilities' content='ocr_page ocr_carea ocr_par ocr_line ocrx_word'/>
</head>
<body>
  <div class='ocr_page' id='page_1' title='image "./cartaeetaliamuni04claruoft_0298.png"; bbox 0 0 2386 3645; ppageno 0'>
   <div class='ocr_carea' id='block_1_1' title="bbox 291 262 402 304">
    <p class='ocr_par' dir='ltr' id='par_1_1' title="bbox 291 262 402 304">
     <span class='ocr_line' id='line_1_1' title="bbox 291 262 402 304; baseline 0 0"><span class='ocrx_word' id='word_1_1' title='bbox 291 262 402 304; x_wconf 88' lang='lat'>1408</span> 
     </span>
    </p>
   </div>
   <div class='ocr_carea' id='block_1_2' title="bbox 1081 473 1334 517">
    <p class='ocr_par' dir='ltr' id='par_1_2' title="bbox 1081 473 1334 517">
     <span class='ocr_line' id='line_1_2' title="bbox 1081 473 1334 517; baseline -0.004 0"><span class='ocrx_word' id='word_1_2' title='bbox 1081 473 1334 517; x_wconf 89' lang='lat' dir='ltr'>MLXXII.</span> 
     </span>
    </p>
   </div>
   <div class='ocr_carea' id='block_1_3' title="bbox 230 579 2181 812">
    <p class='ocr_par' dir='ltr' id='par_1_3' title="bbox 230 579 2181 812">
     <span class='ocr_line' id='line_1_3' title="bbox 230 579 2178 634; baseline -0.004 -4"><span class='ocrx_word' id='word_1_3' title='bbox 230 585 445 630; x_wconf 84' lang='lat' dir='ltr'><strong>ROYAL</strong></span> <span class='ocrx_word' id='word_1_4' title='bbox 502 584 673 629; x_wconf 79' lang='lat' dir='ltr'><strong>WRIT</strong></span> <span class='ocrx_word' id='word_1_5' title='bbox 738 583 815 627; x_wconf 85' lang='grc' dir='ltr'>ΤΟ</span> <span class='ocrx_word' id='word_1_6' title='bbox 897 581 1028 626; x_wconf 79' lang='lat' dir='ltr'>THE</span> <span class='ocrx_word' id='word_1_7' title='bbox 1093 581 1480 634; x_wconf 80' lang='lat' dir='ltr'><strong>ESGHEATOR,</strong></span> <span class='ocrx_word' id='word_1_8' title='bbox 1544 580 1680 624; x_wconf 89' lang='lat' dir='ltr'>AND</span> <span class='ocrx_word' id='word_1_9' title='bbox 1745 579 1855 624; x_wconf 82' lang='lat' dir='ltr'>HIS</span> <span class='ocrx_word' id='word_1_10' title='bbox 1911 579 2178 623; x_wconf 77' lang='lat' dir='ltr'><strong>RETURN</strong></span> 
     </span>
     <span class='ocr_line' id='line_1_4' title="bbox 372 670 2181 722; baseline -0.003 -2"><span class='ocrx_word' id='word_1_11' title='bbox 372 677 460 720; x_wconf 91' lang='lat' dir='ltr'>BY</span> <span class='ocrx_word' id='word_1_12' title='bbox 519 676 672 721; x_wconf 86' lang='lat' dir='ltr'>WAY</span> <span class='ocrx_word' id='word_1_13' title='bbox 730 675 809 719; x_wconf 87' lang='lat' dir='ltr'>OF</span> <span class='ocrx_word' id='word_1_14' title='bbox 869 673 1273 722; x_wconf 82' lang='lat' dir='ltr'>INQUISITION</span> <span class='ocrx_word' id='word_1_15' title='bbox 1344 672 1555 717; x_wconf 80' lang='lat' dir='ltr'><strong>AFTER</strong></span> <span class='ocrx_word' id='word_1_16' title='bbox 1627 671 1758 715; x_wconf 79' lang='lat' dir='ltr'>THE</span> <span class='ocrx_word' id='word_1_17' title='bbox 1823 670 2041 714; x_wconf 84' lang='lat' dir='ltr'><strong>DEATH</strong></span> <span class='ocrx_word' id='word_1_18' title='bbox 2101 670 2181 715; x_wconf 84' lang='lat' dir='ltr'>OF</span> 
     </span>
     <span class='ocr_line' id='line_1_5' title="bbox 373 766 834 812; baseline -0.007 0"><span class='ocrx_word' id='word_1_19' title='bbox 373 768 402 812; x_wconf 88' lang='lat' dir='ltr'>J</span> <span class='ocrx_word' id='word_1_20' title='bbox 405 767 543 811; x_wconf 85' lang='lat' dir='ltr'>OHN</span> <span class='ocrx_word' id='word_1_21' title='bbox 593 766 834 810; x_wconf 80' lang='lat' dir='ltr'><strong>BASSET.</strong></span> 
     </span>
    </p>
   </div>
   <div class='ocr_carea' id='block_1_4' title="bbox 548 870 2120 1034">
    <p class='ocr_par' dir='ltr' id='par_1_4' title="bbox 548 870 2120 1034">
     <span class='ocr_line' id='line_1_6' title="bbox 548 870 1866 933; baseline -0.003 -15"><span class='ocrx_word' id='word_1_22' title='bbox 548 875 819 933; x_wconf 77' lang='lat' dir='ltr'>[CHANCERY</span> <span class='ocrx_word' id='word_1_23' title='bbox 850 874 1159 919; x_wconf 80' lang='lat' dir='ltr'><strong>INQUISITIONS</strong></span> <span class='ocrx_word' id='word_1_24' title='bbox 1189 873 1305 916; x_wconf 77' lang='lat' dir='ltr'>PM.</span> <span class='ocrx_word' id='word_1_25' title='bbox 1368 873 1423 915; x_wconf 84' lang='lat'>20</span> <span class='ocrx_word' id='word_1_26' title='bbox 1454 873 1553 915; x_wconf 82' lang='lat' dir='ltr'>R1c.</span> <span class='ocrx_word' id='word_1_27' title='bbox 1586 872 1650 915; x_wconf 91' lang='lat' dir='ltr'>II.</span> <span class='ocrx_word' id='word_1_28' title='bbox 1683 872 1769 915; x_wconf 91' lang='lat' dir='ltr'>No.</span> <span class='ocrx_word' id='word_1_29' title='bbox 1803 870 1866 928; x_wconf 84' lang='lat'>5.]</span> 
     </span>
     <span class='ocr_line' id='line_1_7' title="bbox 1232 979 2120 1034; baseline 0 -11"><span class='ocrx_word' id='word_1_30' title='bbox 1232 982 1286 1023; x_wconf 89' lang='grc'>16</span> <span class='ocrx_word' id='word_1_31' title='bbox 1316 980 1462 1034; x_wconf 71' lang='grc' dir='ltr'><strong>8ΕΡΤ.,</strong></span> <span class='ocrx_word' id='word_1_32' title='bbox 1494 995 1585 1023; x_wconf 80' lang='lat' dir='ltr'>ETc.</span> <span class='ocrx_word' id='word_1_33' title='bbox 1648 981 1702 1022; x_wconf 85' lang='lat'>20</span> <span class='ocrx_word' id='word_1_34' title='bbox 1735 980 1833 1023; x_wconf 78' lang='lat' dir='ltr'>Rm.</span> <span class='ocrx_word' id='word_1_35' title='bbox 1866 979 1931 1022; x_wconf 87' lang='lat' dir='ltr'>II.</span> <span class='ocrx_word' id='word_1_36' title='bbox 1995 981 2120 1023; x_wconf 80' lang='lat'><strong>1396.</strong></span> 
     </span>
    </p>
   </div>
   <div class='ocr_carea' id='block_1_5' title="bbox 219 1088 2182 2422">
    <p class='ocr_par' dir='ltr' id='par_1_5' title="bbox 219 1088 2182 2422">
     <span class='ocr_line' id='line_1_8' title="bbox 284 1088 2179 1147; baseline -0.002 -12"><span class='ocrx_word' id='word_1_37' title='bbox 284 1093 516 1135; x_wconf 58' lang='lat' dir='ltr'>RwAmmS</span> <span class='ocrx_word' id='word_1_38' title='bbox 556 1091 641 1134; x_wconf 84' lang='lat' dir='ltr'>Dei</span> <span class='ocrx_word' id='word_1_39' title='bbox 682 1090 821 1147; x_wconf 82' lang='lat' dir='ltr'>gratia</span> <span class='ocrx_word' id='word_1_40' title='bbox 855 1089 1040 1132; x_wconf 79' lang='lat' dir='ltr'><strong>ANGLOE</strong></span> <span class='ocrx_word' id='word_1_41' title='bbox 1081 1092 1124 1131; x_wconf 85' lang='lat' dir='ltr'>et</span> <span class='ocrx_word' id='word_1_42' title='bbox 1164 1089 1368 1131; x_wconf 73' lang='lat' dir='ltr'>FRANCIE</span> <span class='ocrx_word' id='word_1_43' title='bbox 1405 1092 1448 1130; x_wconf 87' lang='lat' dir='ltr'>et</span> <span class='ocrx_word' id='word_1_44' title='bbox 1488 1088 1701 1131; x_wconf 84' lang='lat' dir='ltr'>Dominus</span> <span class='ocrx_word' id='word_1_45' title='bbox 1742 1088 1984 1130; x_wconf 82' lang='lat' dir='ltr'><strong>HIBERNIE</strong></span> <span class='ocrx_word' id='word_1_46' title='bbox 2025 1088 2179 1132; x_wconf 85' lang='lat' dir='ltr'>dilecto</span> 
     </span>
     <span class='ocr_line' id='line_1_9' title="bbox 224 1178 2182 1227; baseline -0.003 0"><span class='ocrx_word' id='word_1_47' title='bbox 224 1183 304 1227; x_wconf 88' lang='lat' dir='ltr'>sibi</span> <span class='ocrx_word' id='word_1_48' title='bbox 339 1183 553 1226; x_wconf 78' lang='lat' dir='ltr'>HEcho</span> <span class='ocrx_word' id='word_1_49' title='bbox 585 1182 784 1225; x_wconf 81' lang='lat' dir='ltr'><strong>HAGLEY</strong></span> <span class='ocrx_word' id='word_1_50' title='bbox 819 1180 1018 1223; x_wconf 78' lang='lat' dir='ltr'>escaetori</span> <span class='ocrx_word' id='word_1_51' title='bbox 1053 1195 1127 1222; x_wconf 90' lang='lat' dir='ltr'>suo</span> <span class='ocrx_word' id='word_1_52' title='bbox 1169 1179 1216 1222; x_wconf 88' lang='lat' dir='ltr'>in</span> <span class='ocrx_word' id='word_1_53' title='bbox 1267 1179 1473 1221; x_wconf 84' lang='lat' dir='ltr'>comitatu</span> <span class='ocrx_word' id='word_1_54' title='bbox 1512 1178 1774 1223; x_wconf 84' lang='lat' dir='ltr'>WYGORNIE</span> <span class='ocrx_word' id='word_1_55' title='bbox 1811 1179 2004 1222; x_wconf 85' lang='lat' dir='ltr'>salutem.</span> <span class='ocrx_word' id='word_1_56' title='bbox 2068 1179 2182 1226; x_wconf 78' lang='lat' dir='ltr'>Quia</span> 
     </span>
     <span class='ocr_line' id='line_1_10' title="bbox 225 1269 2181 1328; baseline -0.002 -11"><span class='ocrx_word' id='word_1_57' title='bbox 225 1275 255 1318; x_wconf 84' lang='lat' dir='ltr'>J</span> <span class='ocrx_word' id='word_1_58' title='bbox 257 1289 467 1317; x_wconf 79' lang='lat' dir='ltr'>OHANNES</span> <span class='ocrx_word' id='word_1_59' title='bbox 497 1274 668 1316; x_wconf 68' lang='lat' dir='ltr'>BAssm-</span> <span class='ocrx_word' id='word_1_60' title='bbox 698 1272 772 1328; x_wconf 91' lang='lat' dir='ltr'>qui</span> <span class='ocrx_word' id='word_1_61' title='bbox 807 1271 881 1328; x_wconf 88' lang='lat' dir='ltr'>[de</span> <span class='ocrx_word' id='word_1_62' title='bbox 912 1271 1033 1314; x_wconf 91' lang='lat' dir='ltr'>nobis</span> <span class='ocrx_word' id='word_1_63' title='bbox 1062 1271 1203 1313; x_wconf 87' lang='lat' dir='ltr'>tenuit</span> <span class='ocrx_word' id='word_1_64' title='bbox 1236 1270 1282 1312; x_wconf 89' lang='lat' dir='ltr'>in</span> <span class='ocrx_word' id='word_1_65' title='bbox 1317 1270 1363 1312; x_wconf 90' lang='lat' dir='ltr'>in</span> <span class='ocrx_word' id='word_1_66' title='bbox 1400 1269 1558 1326; x_wconf 86' lang='lat' dir='ltr'>capite]</span> <span class='ocrx_word' id='word_1_67' title='bbox 1596 1270 1710 1312; x_wconf 85' lang='lat' dir='ltr'>diem</span> <span class='ocrx_word' id='word_1_68' title='bbox 1750 1270 1902 1312; x_wconf 83' lang='lat' dir='ltr'>clausit</span> <span class='ocrx_word' id='word_1_69' title='bbox 1942 1272 2181 1313; x_wconf 87' lang='lat' dir='ltr'>extremum</span> 
     </span>
     <span class='ocr_line' id='line_1_11' title="bbox 224 1360 2182 1421; baseline -0.002 -13"><span class='ocrx_word' id='word_1_70' title='bbox 224 1371 272 1409; x_wconf 86' lang='lat' dir='ltr'>ut</span> <span class='ocrx_word' id='word_1_71' title='bbox 309 1365 546 1421; x_wconf 81' lang='lat' dir='ltr'>accepimus</span> <span class='ocrx_word' id='word_1_72' title='bbox 577 1363 658 1406; x_wconf 89' lang='lat' dir='ltr'>tibi</span> <span class='ocrx_word' id='word_1_73' title='bbox 694 1363 950 1419; x_wconf 80' lang='lat' dir='ltr'>precipimus</span> <span class='ocrx_word' id='word_1_74' title='bbox 985 1363 1100 1418; x_wconf 88' lang='lat' dir='ltr'>quod</span> <span class='ocrx_word' id='word_1_75' title='bbox 1135 1361 1280 1404; x_wconf 84' lang='lat' dir='ltr'>omnia</span> <span class='ocrx_word' id='word_1_76' title='bbox 1312 1364 1445 1404; x_wconf 85' lang='lat' dir='ltr'>terras</span> <span class='ocrx_word' id='word_1_77' title='bbox 1465 1365 1507 1403; x_wconf 85' lang='lat' dir='ltr'>et</span> <span class='ocrx_word' id='word_1_78' title='bbox 1541 1364 1786 1403; x_wconf 86' lang='lat' dir='ltr'>tenementa</span> <span class='ocrx_word' id='word_1_79' title='bbox 1814 1362 1867 1403; x_wconf 87' lang='lat' dir='ltr'>de</span> <span class='ocrx_word' id='word_1_80' title='bbox 1888 1360 2043 1416; x_wconf 89' lang='lat' dir='ltr'>quibus</span> <span class='ocrx_word' id='word_1_81' title='bbox 2067 1361 2182 1404; x_wconf 87' lang='lat' dir='ltr'>idem</span> 
     </span>
     <span class='ocr_line' id='line_1_12' title="bbox 229 1451 2182 1508; baseline -0.002 -9"><span class='ocrx_word' id='word_1_82' title='bbox 229 1457 258 1500; x_wconf 88' lang='lat' dir='ltr'>J</span> <span class='ocrx_word' id='word_1_83' title='bbox 261 1471 471 1499; x_wconf 78' lang='lat' dir='ltr'>OHANNEs</span> <span class='ocrx_word' id='word_1_84' title='bbox 491 1456 577 1498; x_wconf 72' lang='lat' dir='ltr'>suit.</span> <span class='ocrx_word' id='word_1_85' title='bbox 597 1455 763 1498; x_wconf 89' lang='lat' dir='ltr'>seisitus</span> <span class='ocrx_word' id='word_1_86' title='bbox 783 1455 829 1497; x_wconf 92' lang='lat' dir='ltr'>in</span> <span class='ocrx_word' id='word_1_87' title='bbox 850 1453 1061 1496; x_wconf 90' lang='lat' dir='ltr'>dominico</span> <span class='ocrx_word' id='word_1_88' title='bbox 1093 1467 1168 1496; x_wconf 92' lang='lat' dir='ltr'>suo</span> <span class='ocrx_word' id='word_1_89' title='bbox 1198 1458 1247 1495; x_wconf 91' lang='lat' dir='ltr'>ut</span> <span class='ocrx_word' id='word_1_90' title='bbox 1277 1453 1329 1495; x_wconf 86' lang='lat' dir='ltr'>de</span> <span class='ocrx_word' id='word_1_91' title='bbox 1358 1453 1481 1496; x_wconf 81' lang='lat' dir='ltr'>feodo</span> <span class='ocrx_word' id='word_1_92' title='bbox 1509 1453 1555 1495; x_wconf 89' lang='lat' dir='ltr'>in</span> <span class='ocrx_word' id='word_1_93' title='bbox 1587 1451 1746 1495; x_wconf 84' lang='lat' dir='ltr'>balliva</span> <span class='ocrx_word' id='word_1_94' title='bbox 1766 1455 1840 1494; x_wconf 85' lang='lat' dir='ltr'>tua</span> <span class='ocrx_word' id='word_1_95' title='bbox 1866 1452 1935 1495; x_wconf 85' lang='lat' dir='ltr'>die</span> <span class='ocrx_word' id='word_1_96' title='bbox 1957 1467 2040 1508; x_wconf 92' lang='lat' dir='ltr'>quo</span> <span class='ocrx_word' id='word_1_97' title='bbox 2077 1452 2182 1496; x_wconf 87' lang='lat' dir='ltr'>obiit</span> 
     </span>
     <span class='ocr_line' id='line_1_13' title="bbox 223 1544 2182 1602; baseline -0.001 -12"><span class='ocrx_word' id='word_1_98' title='bbox 223 1548 317 1590; x_wconf 85' lang='lat' dir='ltr'>sine</span> <span class='ocrx_word' id='word_1_99' title='bbox 334 1548 538 1590; x_wconf 80' lang='lat' dir='ltr'>dilatione</span> <span class='ocrx_word' id='word_1_100' title='bbox 560 1546 700 1602; x_wconf 83' lang='lat' dir='ltr'>capias</span> <span class='ocrx_word' id='word_1_101' title='bbox 721 1546 765 1588; x_wconf 89' lang='lat' dir='ltr'>in</span> <span class='ocrx_word' id='word_1_102' title='bbox 786 1559 964 1588; x_wconf 83' lang='lat' dir='ltr'>manum</span> <span class='ocrx_word' id='word_1_103' title='bbox 985 1547 1178 1587; x_wconf 87' lang='lat' dir='ltr'>nostrum</span> <span class='ocrx_word' id='word_1_104' title='bbox 1199 1548 1242 1587; x_wconf 83' lang='lat' dir='ltr'>et</span> <span class='ocrx_word' id='word_1_105' title='bbox 1272 1560 1322 1587; x_wconf 83' lang='lat' dir='ltr'>ea</span> <span class='ocrx_word' id='word_1_106' title='bbox 1353 1545 1468 1588; x_wconf 83' lang='lat' dir='ltr'>salvo</span> <span class='ocrx_word' id='word_1_107' title='bbox 1500 1544 1701 1587; x_wconf 86' lang='lat' dir='ltr'>custodiri</span> <span class='ocrx_word' id='word_1_108' title='bbox 1731 1544 1864 1587; x_wconf 79' lang='lat' dir='ltr'>facias</span> <span class='ocrx_word' id='word_1_109' title='bbox 1896 1545 2029 1587; x_wconf 88' lang='lat' dir='ltr'>donec</span> <span class='ocrx_word' id='word_1_110' title='bbox 2063 1545 2182 1588; x_wconf 86' lang='lat' dir='ltr'>aliud</span> 
     </span>
     <span class='ocr_line' id='line_1_14' title="bbox 220 1635 2182 1695; baseline -0.001 -13"><span class='ocrx_word' id='word_1_111' title='bbox 220 1640 321 1682; x_wconf 85' lang='lat' dir='ltr'>inde</span> <span class='ocrx_word' id='word_1_112' title='bbox 376 1638 696 1695; x_wconf 84' lang='lat' dir='ltr'>preceperimus.</span> <span class='ocrx_word' id='word_1_113' title='bbox 770 1637 831 1679; x_wconf 87' lang='lat' dir='ltr'>Et</span> <span class='ocrx_word' id='word_1_114' title='bbox 870 1651 946 1693; x_wconf 87' lang='lat' dir='ltr'>per</span> <span class='ocrx_word' id='word_1_115' title='bbox 996 1640 1308 1679; x_wconf 81' lang='lat' dir='ltr'>sacramentum</span> <span class='ocrx_word' id='word_1_116' title='bbox 1355 1636 1585 1692; x_wconf 85' lang='lat' dir='ltr'>proborum</span> <span class='ocrx_word' id='word_1_117' title='bbox 1626 1639 1669 1678; x_wconf 88' lang='lat' dir='ltr'>et</span> <span class='ocrx_word' id='word_1_118' title='bbox 1711 1635 1918 1692; x_wconf 85' lang='lat' dir='ltr'>legalium</span> <span class='ocrx_word' id='word_1_119' title='bbox 1958 1636 2182 1680; x_wconf 88' lang='lat' dir='ltr'>hominum</span> 
     </span>
     <span class='ocr_line' id='line_1_15' title="bbox 219 1727 2179 1784; baseline -0.001 -11"><span class='ocrx_word' id='word_1_120' title='bbox 219 1732 271 1774; x_wconf 86' lang='lat' dir='ltr'>de</span> <span class='ocrx_word' id='word_1_121' title='bbox 292 1731 440 1773; x_wconf 84' lang='lat' dir='ltr'>eadem</span> <span class='ocrx_word' id='word_1_122' title='bbox 461 1729 619 1772; x_wconf 80' lang='lat' dir='ltr'>balliva</span> <span class='ocrx_word' id='word_1_123' title='bbox 641 1733 716 1771; x_wconf 83' lang='lat' dir='ltr'>tua</span> <span class='ocrx_word' id='word_1_124' title='bbox 736 1743 811 1784; x_wconf 91' lang='lat' dir='ltr'>per</span> <span class='ocrx_word' id='word_1_125' title='bbox 832 1743 936 1784; x_wconf 89' lang='lat' dir='ltr'>quos</span> <span class='ocrx_word' id='word_1_126' title='bbox 955 1728 1017 1770; x_wconf 86' lang='lat' dir='ltr'>rei</span> <span class='ocrx_word' id='word_1_127' title='bbox 1047 1728 1202 1770; x_wconf 85' lang='lat' dir='ltr'>veritas</span> <span class='ocrx_word' id='word_1_128' title='bbox 1232 1727 1385 1770; x_wconf 88' lang='lat' dir='ltr'>melius</span> <span class='ocrx_word' id='word_1_129' title='bbox 1415 1728 1511 1770; x_wconf 87' lang='lat' dir='ltr'>sciri</span> <span class='ocrx_word' id='word_1_130' title='bbox 1540 1727 1697 1783; x_wconf 85' lang='lat' dir='ltr'>poterit</span> <span class='ocrx_word' id='word_1_131' title='bbox 1727 1727 1958 1784; x_wconf 79' lang='lat' dir='ltr'>diligenter</span> <span class='ocrx_word' id='word_1_132' title='bbox 1988 1728 2179 1784; x_wconf 83' lang='lat' dir='ltr'>inquiras</span> 
     </span>
     <span class='ocr_line' id='line_1_16' title="bbox 219 1818 2177 1877; baseline -0.002 -13"><span class='ocrx_word' id='word_1_133' title='bbox 219 1824 428 1877; x_wconf 86' lang='lat' dir='ltr'>quantum</span> <span class='ocrx_word' id='word_1_134' title='bbox 458 1824 591 1863; x_wconf 85' lang='lat' dir='ltr'>terras</span> <span class='ocrx_word' id='word_1_135' title='bbox 621 1822 663 1862; x_wconf 87' lang='lat' dir='ltr'>et</span> <span class='ocrx_word' id='word_1_136' title='bbox 693 1823 938 1863; x_wconf 84' lang='lat' dir='ltr'>tenementa</span> <span class='ocrx_word' id='word_1_137' title='bbox 967 1818 1082 1861; x_wconf 85' lang='lat' dir='ltr'>idem</span> <span class='ocrx_word' id='word_1_138' title='bbox 1112 1818 1141 1861; x_wconf 87' lang='lat' dir='ltr'><strong>J</strong></span> <span class='ocrx_word' id='word_1_139' title='bbox 1144 1832 1354 1861; x_wconf 78' lang='lat' dir='ltr'>OHANNES</span> <span class='ocrx_word' id='word_1_140' title='bbox 1385 1818 1525 1860; x_wconf 84' lang='lat' dir='ltr'>tenuit</span> <span class='ocrx_word' id='word_1_141' title='bbox 1554 1819 1608 1860; x_wconf 90' lang='lat' dir='ltr'>de</span> <span class='ocrx_word' id='word_1_142' title='bbox 1638 1818 1760 1860; x_wconf 88' lang='lat' dir='ltr'>nobis</span> <span class='ocrx_word' id='word_1_143' title='bbox 1789 1818 1835 1861; x_wconf 93' lang='lat' dir='ltr'>in</span> <span class='ocrx_word' id='word_1_144' title='bbox 1864 1819 2001 1874; x_wconf 83' lang='lat' dir='ltr'>capite</span> <span class='ocrx_word' id='word_1_145' title='bbox 2021 1821 2111 1861; x_wconf 82' lang='lat' dir='ltr'>tam</span> <span class='ocrx_word' id='word_1_146' title='bbox 2131 1819 2177 1861; x_wconf 90' lang='lat' dir='ltr'>in</span> 
     </span>
     <span class='ocr_line' id='line_1_17' title="bbox 219 1909 2176 1968; baseline -0.002 -12"><span class='ocrx_word' id='word_1_147' title='bbox 219 1913 430 1957; x_wconf 88' lang='lat' dir='ltr'>dominico</span> <span class='ocrx_word' id='word_1_148' title='bbox 451 1927 580 1968; x_wconf 83' lang='lat' dir='ltr'>quam</span> <span class='ocrx_word' id='word_1_149' title='bbox 600 1912 646 1954; x_wconf 87' lang='lat' dir='ltr'>in</span> <span class='ocrx_word' id='word_1_150' title='bbox 667 1911 852 1954; x_wconf 85' lang='lat' dir='ltr'>serviciis</span> <span class='ocrx_word' id='word_1_151' title='bbox 873 1911 919 1953; x_wconf 90' lang='lat' dir='ltr'>in</span> <span class='ocrx_word' id='word_1_152' title='bbox 940 1911 1054 1954; x_wconf 81' lang='lat' dir='ltr'>dicta</span> <span class='ocrx_word' id='word_1_153' title='bbox 1076 1910 1234 1952; x_wconf 84' lang='lat' dir='ltr'>balliva</span> <span class='ocrx_word' id='word_1_154' title='bbox 1254 1914 1329 1952; x_wconf 85' lang='lat' dir='ltr'>tua</span> <span class='ocrx_word' id='word_1_155' title='bbox 1350 1910 1419 1952; x_wconf 86' lang='lat' dir='ltr'>die</span> <span class='ocrx_word' id='word_1_156' title='bbox 1440 1925 1523 1965; x_wconf 92' lang='lat' dir='ltr'>quo</span> <span class='ocrx_word' id='word_1_157' title='bbox 1545 1909 1651 1953; x_wconf 88' lang='lat' dir='ltr'>obiit</span> <span class='ocrx_word' id='word_1_158' title='bbox 1681 1913 1725 1952; x_wconf 87' lang='lat' dir='ltr'>et</span> <span class='ocrx_word' id='word_1_159' title='bbox 1755 1913 1967 1965; x_wconf 87' lang='lat' dir='ltr'>quantum</span> <span class='ocrx_word' id='word_1_160' title='bbox 1998 1911 2051 1953; x_wconf 87' lang='lat' dir='ltr'>de</span> <span class='ocrx_word' id='word_1_161' title='bbox 2081 1911 2176 1953; x_wconf 85' lang='lat' dir='ltr'>aliis</span> 
     </span>
     <span class='ocr_line' id='line_1_18' title="bbox 221 2001 2181 2060; baseline -0.002 -13"><span class='ocrx_word' id='word_1_162' title='bbox 221 2010 263 2048; x_wconf 83' lang='lat' dir='ltr'>et</span> <span class='ocrx_word' id='word_1_163' title='bbox 297 2020 371 2060; x_wconf 88' lang='lat' dir='ltr'>per</span> <span class='ocrx_word' id='word_1_164' title='bbox 404 2004 517 2059; x_wconf 89' lang='lat' dir='ltr'>quod</span> <span class='ocrx_word' id='word_1_165' title='bbox 549 2003 773 2046; x_wconf 78' lang='lat' dir='ltr'>servicium</span> <span class='ocrx_word' id='word_1_166' title='bbox 809 2008 851 2044; x_wconf 86' lang='lat' dir='ltr'>et</span> <span class='ocrx_word' id='word_1_167' title='bbox 889 2005 1099 2058; x_wconf 84' lang='lat' dir='ltr'>quantum</span> <span class='ocrx_word' id='word_1_168' title='bbox 1121 2009 1231 2044; x_wconf 87' lang='lat' dir='ltr'>terre</span> <span class='ocrx_word' id='word_1_169' title='bbox 1261 2005 1303 2044; x_wconf 86' lang='lat' dir='ltr'>et</span> <span class='ocrx_word' id='word_1_170' title='bbox 1328 2004 1574 2044; x_wconf 85' lang='lat' dir='ltr'>tenementa</span> <span class='ocrx_word' id='word_1_171' title='bbox 1603 2001 1678 2043; x_wconf 84' lang='lat' dir='ltr'>illa</span> <span class='ocrx_word' id='word_1_172' title='bbox 1708 2002 1880 2043; x_wconf 83' lang='lat' dir='ltr'>valeant</span> <span class='ocrx_word' id='word_1_173' title='bbox 1911 2016 1987 2057; x_wconf 89' lang='lat' dir='ltr'>per</span> <span class='ocrx_word' id='word_1_174' title='bbox 2019 2016 2181 2044; x_wconf 86' lang='lat' dir='ltr'>annum</span> 
     </span>
     <span class='ocr_line' id='line_1_19' title="bbox 220 2091 2180 2149; baseline -0.002 -11"><span class='ocrx_word' id='word_1_175' title='bbox 220 2097 266 2138; x_wconf 90' lang='lat' dir='ltr'>in</span> <span class='ocrx_word' id='word_1_176' title='bbox 304 2094 501 2139; x_wconf 89' lang='lat' dir='ltr'>omnibus</span> <span class='ocrx_word' id='word_1_177' title='bbox 536 2094 721 2136; x_wconf 84' lang='lat' dir='ltr'>exitibus</span> <span class='ocrx_word' id='word_1_178' title='bbox 751 2098 794 2135; x_wconf 90' lang='lat' dir='ltr'>et</span> <span class='ocrx_word' id='word_1_179' title='bbox 816 2108 898 2149; x_wconf 91' lang='lat' dir='ltr'>quo</span> <span class='ocrx_word' id='word_1_180' title='bbox 920 2094 988 2135; x_wconf 85' lang='lat' dir='ltr'>die</span> <span class='ocrx_word' id='word_1_181' title='bbox 1009 2094 1124 2135; x_wconf 86' lang='lat' dir='ltr'>idem</span> <span class='ocrx_word' id='word_1_182' title='bbox 1154 2092 1183 2135; x_wconf 86' lang='lat' dir='ltr'>J</span> <span class='ocrx_word' id='word_1_183' title='bbox 1187 2107 1396 2134; x_wconf 79' lang='lat' dir='ltr'><strong>OHANNES</strong></span> <span class='ocrx_word' id='word_1_184' title='bbox 1427 2091 1533 2135; x_wconf 90' lang='lat' dir='ltr'>obiit</span> <span class='ocrx_word' id='word_1_185' title='bbox 1562 2096 1605 2134; x_wconf 83' lang='lat' dir='ltr'>et</span> <span class='ocrx_word' id='word_1_186' title='bbox 1635 2092 1730 2147; x_wconf 87' lang='lat' dir='ltr'>quis</span> <span class='ocrx_word' id='word_1_187' title='bbox 1759 2092 2039 2147; x_wconf 79' lang='lat' dir='ltr'>propinquior</span> <span class='ocrx_word' id='word_1_188' title='bbox 2059 2092 2180 2136; x_wconf 91' lang='lat' dir='ltr'>heres</span> 
     </span>
     <span class='ocr_line' id='line_1_20' title="bbox 221 2183 2178 2243; baseline -0.002 -14"><span class='ocrx_word' id='word_1_189' title='bbox 221 2186 315 2243; x_wconf 86' lang='lat' dir='ltr'>ejus</span> <span class='ocrx_word' id='word_1_190' title='bbox 336 2187 390 2229; x_wconf 90' lang='lat' dir='ltr'>sit</span> <span class='ocrx_word' id='word_1_191' title='bbox 411 2189 453 2229; x_wconf 87' lang='lat' dir='ltr'>et</span> <span class='ocrx_word' id='word_1_192' title='bbox 474 2184 598 2241; x_wconf 85' lang='lat' dir='ltr'>cujus</span> <span class='ocrx_word' id='word_1_193' title='bbox 618 2185 755 2227; x_wconf 82' lang='lat' dir='ltr'>etatis.</span> <span class='ocrx_word' id='word_1_194' title='bbox 817 2184 878 2227; x_wconf 87' lang='lat' dir='ltr'>Et</span> <span class='ocrx_word' id='word_1_195' title='bbox 898 2184 1220 2239; x_wconf 76' lang='lat' dir='ltr'>inquisitionem</span> <span class='ocrx_word' id='word_1_196' title='bbox 1240 2184 1340 2226; x_wconf 88' lang='lat' dir='ltr'>inde</span> <span class='ocrx_word' id='word_1_197' title='bbox 1362 2183 1560 2226; x_wconf 87' lang='lat' dir='ltr'>distincte</span> <span class='ocrx_word' id='word_1_198' title='bbox 1581 2187 1624 2225; x_wconf 89' lang='lat' dir='ltr'>et</span> <span class='ocrx_word' id='word_1_199' title='bbox 1644 2188 1788 2239; x_wconf 86' lang='lat' dir='ltr'>aperte</span> <span class='ocrx_word' id='word_1_200' title='bbox 1808 2183 1969 2226; x_wconf 81' lang='lat' dir='ltr'>factam</span> <span class='ocrx_word' id='word_1_201' title='bbox 1991 2183 2112 2226; x_wconf 86' lang='lat' dir='ltr'>nobis</span> <span class='ocrx_word' id='word_1_202' title='bbox 2132 2184 2178 2226; x_wconf 91' lang='lat' dir='ltr'>in</span> 
     </span>
     <span class='ocr_line' id='line_1_21' title="bbox 222 2273 2178 2331; baseline -0.002 -11"><span class='ocrx_word' id='word_1_203' title='bbox 222 2277 514 2320; x_wconf 79' lang='lat' dir='ltr'>cancellariam</span> <span class='ocrx_word' id='word_1_204' title='bbox 544 2278 734 2318; x_wconf 84' lang='lat' dir='ltr'>nostram</span> <span class='ocrx_word' id='word_1_205' title='bbox 754 2274 832 2317; x_wconf 90' lang='lat' dir='ltr'>sub</span> <span class='ocrx_word' id='word_1_206' title='bbox 863 2275 1005 2330; x_wconf 84' lang='lat' dir='ltr'>sigillo</span> <span class='ocrx_word' id='word_1_207' title='bbox 1035 2278 1110 2317; x_wconf 92' lang='lat' dir='ltr'>tuo</span> <span class='ocrx_word' id='word_1_208' title='bbox 1142 2280 1184 2317; x_wconf 83' lang='lat' dir='ltr'>et</span> <span class='ocrx_word' id='word_1_209' title='bbox 1215 2274 1368 2331; x_wconf 88' lang='lat' dir='ltr'>sigillis</span> <span class='ocrx_word' id='word_1_210' title='bbox 1398 2289 1544 2317; x_wconf 87' lang='lat' dir='ltr'>eorum</span> <span class='ocrx_word' id='word_1_211' title='bbox 1574 2289 1650 2330; x_wconf 87' lang='lat' dir='ltr'>per</span> <span class='ocrx_word' id='word_1_212' title='bbox 1675 2288 1779 2329; x_wconf 90' lang='lat' dir='ltr'>quos</span> <span class='ocrx_word' id='word_1_213' title='bbox 1801 2274 1914 2316; x_wconf 83' lang='lat' dir='ltr'>facta</span> <span class='ocrx_word' id='word_1_214' title='bbox 1935 2273 2067 2317; x_wconf 79' lang='lat' dir='ltr'>fuerit</span> <span class='ocrx_word' id='word_1_215' title='bbox 2087 2274 2178 2317; x_wconf 86' lang='lat' dir='ltr'>sine</span> 
     </span>
     <span class='ocr_line' id='line_1_22' title="bbox 222 2365 2178 2422; baseline -0.002 -11"><span class='ocrx_word' id='word_1_216' title='bbox 222 2368 425 2412; x_wconf 84' lang='lat' dir='ltr'>dilatione</span> <span class='ocrx_word' id='word_1_217' title='bbox 445 2367 592 2409; x_wconf 83' lang='lat' dir='ltr'>mittas</span> <span class='ocrx_word' id='word_1_218' title='bbox 613 2369 655 2409; x_wconf 89' lang='lat' dir='ltr'>et</span> <span class='ocrx_word' id='word_1_219' title='bbox 675 2366 753 2408; x_wconf 87' lang='lat' dir='ltr'>hoc</span> <span class='ocrx_word' id='word_1_220' title='bbox 774 2366 912 2408; x_wconf 90' lang='lat' dir='ltr'>breve.</span> <span class='ocrx_word' id='word_1_221' title='bbox 976 2366 1101 2409; x_wconf 83' lang='lat' dir='ltr'>Teste</span> <span class='ocrx_word' id='word_1_222' title='bbox 1122 2381 1190 2408; x_wconf 88' lang='lat' dir='ltr'>me</span> <span class='ocrx_word' id='word_1_223' title='bbox 1220 2366 1311 2421; x_wconf 87' lang='lat' dir='ltr'>ipso</span> <span class='ocrx_word' id='word_1_224' title='bbox 1342 2366 1457 2422; x_wconf 80' lang='lat' dir='ltr'>apud.</span> <span class='ocrx_word' id='word_1_225' title='bbox 1489 2365 1952 2409; x_wconf 68' lang='lat' dir='ltr'><strong>VVESTMONASTERIUM</strong></span> <span class='ocrx_word' id='word_1_226' title='bbox 1983 2379 2076 2407; x_wconf 81' lang='lat' dir='ltr'>XVI.</span> <span class='ocrx_word' id='word_1_227' title='bbox 2110 2365 2178 2407; x_wconf 85' lang='lat' dir='ltr'>die</span> 
     </span>
    </p>
   </div>
   <div class='ocr_carea' id='block_1_6' title="bbox 225 2457 1146 2515">
    <p class='ocr_par' dir='ltr' id='par_1_6' title="bbox 225 2457 1146 2515">
     <span class='ocr_line' id='line_1_23' title="bbox 225 2457 1146 2515; baseline -0.004 -12"><span class='ocrx_word' id='word_1_228' title='bbox 225 2458 485 2515; x_wconf 80' lang='lat' dir='ltr'>Septembris</span> <span class='ocrx_word' id='word_1_229' title='bbox 506 2472 618 2500; x_wconf 84' lang='lat' dir='ltr'>anno</span> <span class='ocrx_word' id='word_1_230' title='bbox 639 2457 763 2513; x_wconf 87' lang='lat' dir='ltr'>regni</span> <span class='ocrx_word' id='word_1_231' title='bbox 783 2457 917 2499; x_wconf 87' lang='lat' dir='ltr'>nostri</span> <span class='ocrx_word' id='word_1_232' title='bbox 938 2457 1146 2500; x_wconf 90' lang='lat' dir='ltr'>vicesimo.</span> 
     </span>
    </p>
   </div>
   <div class='ocr_carea' id='block_1_7' title="bbox 859 2583 1166 2587">
    <p class='ocr_par' dir='ltr' id='par_1_7' title="bbox 859 2583 1166 2587">
     <span class='ocr_line' id='line_1_24' title="bbox 859 2583 1166 2587; baseline 0 0"><span class='ocrx_word' id='word_1_233' title='bbox 859 2583 1166 2587; x_wconf 95' lang='lat' dir='ltr'> </span> 
     </span>
    </p>
   </div>
   <div class='ocr_carea' id='block_1_8' title="bbox 1167 2583 1450 2586">
    <p class='ocr_par' dir='ltr' id='par_1_8' title="bbox 1167 2583 1450 2586">
     <span class='ocr_line' id='line_1_25' title="bbox 1167 2583 1450 2586; baseline 0 0"><span class='ocrx_word' id='word_1_234' title='bbox 1167 2583 1450 2586; x_wconf 95' lang='lat' dir='ltr'> </span> 
     </span>
    </p>
   </div>
   <div class='ocr_carea' id='block_1_9' title="bbox 225 2653 2182 2986">
    <p class='ocr_par' dir='ltr' id='par_1_9' title="bbox 225 2653 2182 2986">
     <span class='ocr_line' id='line_1_26' title="bbox 283 2653 2178 2713; baseline -0.002 -13"><span class='ocrx_word' id='word_1_235' title='bbox 283 2657 514 2713; x_wconf 80' lang='lat' dir='ltr'>Inquisitio</span> <span class='ocrx_word' id='word_1_236' title='bbox 543 2659 666 2712; x_wconf 74' lang='lat' dir='ltr'>capta</span> <span class='ocrx_word' id='word_1_237' title='bbox 698 2657 813 2712; x_wconf 84' lang='lat' dir='ltr'>apud</span> <span class='ocrx_word' id='word_1_238' title='bbox 845 2656 1144 2701; x_wconf 79' lang='lat' dir='ltr'>WYGORNIAM</span> <span class='ocrx_word' id='word_1_239' title='bbox 1176 2658 1243 2699; x_wconf 89' lang='lat' dir='ltr'>die</span> <span class='ocrx_word' id='word_1_240' title='bbox 1274 2656 1452 2699; x_wconf 76' lang='lat' dir='ltr'>sabbati</span> <span class='ocrx_word' id='word_1_241' title='bbox 1481 2656 1674 2711; x_wconf 82' lang='lat' dir='ltr'>proximo</span> <span class='ocrx_word' id='word_1_242' title='bbox 1715 2660 1810 2711; x_wconf 89' lang='lat' dir='ltr'>post</span> <span class='ocrx_word' id='word_1_243' title='bbox 1839 2655 2000 2697; x_wconf 75' lang='lat' dir='ltr'>festum</span> <span class='ocrx_word' id='word_1_244' title='bbox 2031 2653 2178 2697; x_wconf 83' lang='lat' dir='ltr'>Sancti</span> 
     </span>
     <span class='ocr_line' id='line_1_27' title="bbox 225 2745 2178 2804; baseline -0.002 -12"><span class='ocrx_word' id='word_1_245' title='bbox 225 2749 350 2792; x_wconf 79' lang='lat' dir='ltr'>LUCE</span> <span class='ocrx_word' id='word_1_246' title='bbox 372 2748 634 2803; x_wconf 81' lang='lat' dir='ltr'>evangeliste</span> <span class='ocrx_word' id='word_1_247' title='bbox 655 2762 767 2790; x_wconf 87' lang='lat' dir='ltr'>anno</span> <span class='ocrx_word' id='word_1_248' title='bbox 798 2749 922 2804; x_wconf 84' lang='lat' dir='ltr'>regni</span> <span class='ocrx_word' id='word_1_249' title='bbox 953 2748 1087 2804; x_wconf 86' lang='lat' dir='ltr'>Regis</span> <span class='ocrx_word' id='word_1_250' title='bbox 1118 2748 1314 2790; x_wconf 79' lang='lat' dir='ltr'>RicARm</span> <span class='ocrx_word' id='word_1_251' title='bbox 1343 2747 1516 2790; x_wconf 86' lang='lat' dir='ltr'>secundi</span> <span class='ocrx_word' id='word_1_252' title='bbox 1547 2752 1641 2802; x_wconf 82' lang='lat' dir='ltr'>post</span> <span class='ocrx_word' id='word_1_253' title='bbox 1671 2749 1948 2802; x_wconf 88' lang='lat' dir='ltr'>conquestum</span> <span class='ocrx_word' id='word_1_254' title='bbox 1981 2745 2178 2788; x_wconf 87' lang='lat' dir='ltr'>vicesimo</span> 
     </span>
     <span class='ocr_line' id='line_1_28' title="bbox 227 2836 2180 2894; baseline -0.003 -11"><span class='ocrx_word' id='word_1_255' title='bbox 227 2855 366 2883; x_wconf 79' lang='lat' dir='ltr'>coram</span> <span class='ocrx_word' id='word_1_256' title='bbox 406 2839 621 2881; x_wconf 79' lang='lat' dir='ltr'>HENRlco</span> <span class='ocrx_word' id='word_1_257' title='bbox 663 2838 862 2880; x_wconf 77' lang='lat' dir='ltr'><strong>HAGLEY</strong></span> <span class='ocrx_word' id='word_1_258' title='bbox 912 2843 1119 2882; x_wconf 78' lang='lat' dir='ltr'>escaetore</span> <span class='ocrx_word' id='word_1_259' title='bbox 1169 2839 1331 2881; x_wconf 89' lang='lat' dir='ltr'>domini</span> <span class='ocrx_word' id='word_1_260' title='bbox 1382 2838 1518 2894; x_wconf 85' lang='lat' dir='ltr'>Regis</span> <span class='ocrx_word' id='word_1_261' title='bbox 1566 2837 1612 2879; x_wconf 89' lang='lat' dir='ltr'>in</span> <span class='ocrx_word' id='word_1_262' title='bbox 1663 2837 1868 2880; x_wconf 84' lang='lat' dir='ltr'>comitatu</span> <span class='ocrx_word' id='word_1_263' title='bbox 1919 2836 2180 2880; x_wconf 84' lang='lat' dir='ltr'>WYGORNIE</span> 
     </span>
     <span class='ocr_line' id='line_1_29' title="bbox 227 2927 2182 2986; baseline -0.002 -13"><span class='ocrx_word' id='word_1_264' title='bbox 227 2932 385 2973; x_wconf 85' lang='lat' dir='ltr'>virtute</span> <span class='ocrx_word' id='word_1_265' title='bbox 433 2929 572 2972; x_wconf 89' lang='lat' dir='ltr'>brevis</span> <span class='ocrx_word' id='word_1_266' title='bbox 622 2929 785 2971; x_wconf 87' lang='lat' dir='ltr'>domini</span> <span class='ocrx_word' id='word_1_267' title='bbox 838 2929 973 2986; x_wconf 76' lang='lat' dir='ltr'>Regis</span> <span class='ocrx_word' id='word_1_268' title='bbox 1029 2931 1168 2973; x_wconf 85' lang='lat' dir='ltr'>eidem</span> <span class='ocrx_word' id='word_1_269' title='bbox 1218 2930 1418 2973; x_wconf 82' lang='lat' dir='ltr'>eseateori</span> <span class='ocrx_word' id='word_1_270' title='bbox 1475 2929 1624 2972; x_wconf 85' lang='lat' dir='ltr'>directi</span> <span class='ocrx_word' id='word_1_271' title='bbox 1674 2932 1717 2971; x_wconf 89' lang='lat' dir='ltr'>et</span> <span class='ocrx_word' id='word_1_272' title='bbox 1765 2928 1864 2970; x_wconf 87' lang='lat' dir='ltr'>huic</span> <span class='ocrx_word' id='word_1_273' title='bbox 1914 2927 2182 2983; x_wconf 87' lang='lat' dir='ltr'>inquisitioni</span> 
     </span>
    </p>
   </div>
   <div class='ocr_carea' id='block_1_10' title="bbox 228 3018 2183 3075">
    <p class='ocr_par' dir='ltr' id='par_1_10' title="bbox 228 3018 2183 3075">
     <span class='ocr_line' id='line_1_30' title="bbox 228 3018 2183 3075; baseline -0.002 -12"><span class='ocrx_word' id='word_1_274' title='bbox 228 3020 393 3063; x_wconf 83' lang='lat' dir='ltr'>consuti</span> <span class='ocrx_word' id='word_1_275' title='bbox 422 3034 497 3075; x_wconf 92' lang='lat' dir='ltr'>per</span> <span class='ocrx_word' id='word_1_276' title='bbox 527 3022 838 3062; x_wconf 81' lang='lat' dir='ltr'>sacramentum</span> <span class='ocrx_word' id='word_1_277' title='bbox 869 3019 1075 3063; x_wconf 62' lang='lat' dir='ltr'>Roma-[1</span> <span class='ocrx_word' id='word_1_278' title='bbox 1106 3022 1159 3063; x_wconf 87' lang='lat' dir='ltr'>de</span> <span class='ocrx_word' id='word_1_279' title='bbox 1188 3021 1231 3063; x_wconf 79' lang='lat' dir='ltr'>la</span> <span class='ocrx_word' id='word_1_280' title='bbox 1260 3020 1402 3062; x_wconf 65' lang='lat' dir='ltr'><strong>MARE</strong></span> <span class='ocrx_word' id='word_1_281' title='bbox 1445 3054 1452 3062; x_wconf 95' lang='lat'>.</span> <span class='ocrx_word' id='word_1_282' title='bbox 1497 3020 1722 3064; x_wconf 80' lang='lat' dir='ltr'>WALTERI</span> <span class='ocrx_word' id='word_1_283' title='bbox 1755 3018 1873 3061; x_wconf 69' lang='lat' dir='ltr'>Com:</span> <span class='ocrx_word' id='word_1_284' title='bbox 1908 3051 1917 3060; x_wconf 94' lang='lat'><strong>.</strong></span> <span class='ocrx_word' id='word_1_285' title='bbox 1950 3018 1979 3061; x_wconf 87' lang='lat' dir='ltr'>J</span> <span class='ocrx_word' id='word_1_286' title='bbox 1983 3032 2183 3060; x_wconf 79' lang='lat' dir='ltr'>OHANms</span> 
     </span>
    </p>
   </div>
  </div>
 </body>
</html>
