2386 3645
370 262 480 303 1512

310 482 353 509 se
374 468 635 510 inmiscendo
655 468 813 511 eisdem
834 469 1044 511 contraxit
1064 469 1278 524 dispenses
1305 470 1554 512 auctoritate
1584 470 1773 525 predicta
1803 470 2126 513 misericorditer
2155 486 2251 514 cum

305 552 465 594 eodem.

364 632 530 675 Datum
552 633 686 675 Rom
709 635 824 690 apud
844 634 1045 677 Sanctam
1065 634 1263 676 MARIAM
1284 635 1490 690 majorem
1512 649 1602 677 111³.
1634 635 1702 677 Id.
1738 634 1906 677 Octobr.
1972 635 2252 678 Pontificatus

307 715 470 758 domini
490 716 698 759 MARTINI
721 716 837 772 Pape
858 732 970 759 anno
991 720 1121 759 sexto.

1872 774 2191 817 BERTRANDUS.

363 847 658 889 Endorsed-‘
676 847 725 890 T.
750 847 888 903 Prys,'
911 849 996 891 and
1019 851 1029 869 ‘
1044 848 1186 890 David
1209 847 1438 904 Cardigan‚
1459 848 1692 904 presbiter.’

362 929 545 972 Pointed
577 930 672 971 oval
703 930 801 980 seal,
832 930 985 985 yellow
1016 930 1137 972 faced
1168 929 1273 972 with
1303 931 1377 972 red
1407 946 1515 981 wax,
1548 931 1771 986 appended
1790 930 1849 985 by
1870 946 1895 972 a
1918 945 2047 987 green
2068 930 2252 986 hempen

303 1013 413 1054 cord.
477 1012 593 1067 Only
623 1028 648 1053 a
678 1012 813 1054 shield
844 1013 889 1054 of
919 1027 1042 1064 arms,
1075 1013 1217 1067 bendy
1247 1013 1293 1055 of
1323 1013 1400 1064 six,
1433 1028 1487 1055 on
1528 1029 1553 1055 a
1583 1013 1695 1056 chief
1725 1029 1750 1055 a
1781 1013 2021 1069 cinquefoil,
2053 1013 2249 1056 remains.

305 1094 529 1150 Ensigned
550 1094 653 1137 with
674 1110 699 1136 a
720 1094 943 1137 cardinal's
964 1095 1050 1136 hat.

1135 1413 1403 1456 MCXXXI.

301 1505 515 1547 ROYAL
576 1504 791 1548 GRANT
851 1504 929 1547 OF
989 1504 1121 1546 THE
1182 1504 1690 1548 TEMPORALITIES
1751 1505 1829 1547 OF
1888 1504 2247 1557 LLANDAFF,

443 1589 607 1630 SEDE
652 1589 871 1631 VAUAN
879 1588 964 1640 ΤΕ,
996 1587 1072 1629 TO
1108 1586 1331 1629 PHILIP
1367 1587 1600 1640 LOWYS,
1639 1586 2079 1639 CHANGELLOR,
2112 1587 2248 1630 AND

445 1669 613 1713 JOHN
654 1670 846 1722 DAVY,
889 1669 1117 1712 CANON.

409 1753 536 1810 [PA'r.
562 1753 684 1805 Rom,
707 1754 734 1795 2
757 1753 880 1795 HEN.
904 1753 1001 1805 VI.,
1020 1768 1059 1795 P.
1083 1754 1122 1804 3,
1141 1767 1189 1795 M.
1214 1754 1251 1795 9.
1315 1752 1434 1796 ΒΜ.
1493 1752 1672 1795 SLOANE
1690 1752 1799 1804 MS„
1822 1754 1964 1805 4‚604‚
1988 1753 2019 1795 f.
2043 1752 2136 1810 44.]

1426 1836 1481 1877 20
1512 1835 1644 1878 JULY.
1707 1836 1733 1877 2
1765 1835 1890 1877 ΗΕΝ.
1924 1835 2007 1878 VI.
2075 1836 2196 1877 1424.

470 1926 543 1968 DE
573 1941 784 1969 CUSTODIA
817 1941 1145 1968 TEMPORALIUM
1177 1940 1467 1968 EPISCOPATUS
1496 1925 1819 1968 LANDAVENSIS
1851 1940 2079 1968 COMMISSA.

361 2017 457 2060 Rex
479 2017 675 2060 omnibus
696 2019 750 2059 ad
772 2032 888 2073 quos,
912 2020 1005 2069 etc.‚
1029 2019 1223 2059 salutem.

359 2100 510 2143 Sciatis
538 2101 652 2156 quod
682 2101 734 2142 de
765 2115 937 2143 assensu
964 2103 1007 2142 et
1035 2101 1296 2143 avisamento
1328 2100 1491 2142 consilii
1518 2100 1650 2142 nostri
1681 2100 1967 2142 commisimus
1997 2101 2051 2141 ad
2082 2101 2249 2143 firmam

299 2184 504 2240 magistro
557 2183 784 2225 Pmmppo
839 2183 1001 2225 Lowrs
1041 2184 1290 2226 cancellario
1333 2183 1501 2226 ecclesie
1551 2183 1805 2225 cathedralis
1844 2183 2167 2225 LANDAVENsxs
2207 2187 2250 2226 et

300 2266 505 2323 magistro
556 2265 786 2308 JOHANN1S
837 2266 973 2308 DAvY
1014 2267 1213 2309 canonico
1254 2266 1442 2321 ejusdem
1483 2266 1651 2308 ecclesie
1692 2266 1942 2321 temporalia
1983 2266 2249 2321 episcopatus

303 2348 625 2391 LANDAVENSIS
646 2349 691 2389 in
712 2363 844 2390 manu
864 2356 1008 2390 nostra
1027 2349 1191 2391 ratione
1213 2349 1362 2390 ultime
1379 2348 1607 2390 vacationis
1629 2348 1822 2404 ejusdem
1843 2348 2012 2390 ecclesie
2032 2348 2252 2391 existentis

303 2431 548 2473 habendum
580 2446 655 2486 per
686 2446 822 2472 unum
851 2446 1011 2473 annum
1036 2431 1082 2473 in
1116 2446 1214 2473 casu
1241 2447 1324 2486 quo
1356 2431 1469 2473 dicta
1496 2431 1747 2487 temporalia
1778 2446 1851 2486 per
1881 2433 2052 2473 tantum
2083 2434 2251 2487 tempus

302 2513 465 2556 ratione
486 2514 596 2555 dicte
618 2513 768 2554 ultime
797 2514 1027 2556 vacationis
1054 2520 1178 2556 erunt
1204 2514 1248 2555 in
1276 2513 1473 2556 manibus
1505 2514 1658 2555 nostris
1689 2514 1846 2569 absque
1868 2513 2010 2569 aliquo
2031 2513 2153 2556 nobis
2172 2528 2248 2570 pro

302 2595 605 2651 temporalibus
644 2595 729 2637 illis
768 2611 844 2652 pro
883 2611 996 2638 anno
1036 2597 1236 2652 praedicto
1266 2596 1482 2637 reddendo
1514 2630 1521 2637 .
1556 2596 1721 2652 proviso
1754 2611 1917 2651 semper
1951 2597 2064 2650 quod
2094 2596 2251 2652 prefati

305 2678 557 2720 Pmmppns
599 2682 639 2719 et
682 2677 711 2720 J
714 2692 924 2720 OHANNES
969 2679 1114 2720 domos
1162 2679 1334 2720 edeficia
1375 2681 1417 2719 et
1457 2678 1669 2720 clausuras
1709 2677 2012 2733 temporalibus
2052 2678 2252 2733 predictis

303 2760 561 2817 pertinentia
600 2763 798 2816 reparent
838 2763 881 2802 et
922 2764 1160 2803 sustentent
1200 2776 1247 2802 ac
1286 2761 1429 2802 omnia
1464 2760 1547 2801 alia
1587 2775 1715 2801 onera
1755 2760 1912 2801 eisdem
1946 2760 2251 2816 temporalibus

303 2842 593 2885 incumbentia
615 2843 702 2884 sive
724 2843 958 2898 spectantia
979 2846 1227 2899 supportent
1250 2844 1430 2884 durante
1452 2842 1632 2884 termino
1654 2857 1728 2884 suo
1751 2841 2004 2897 supradicto.

362 2926 416 2967 In
446 2925 580 2980 cujus,
604 2930 679 2966 etc.
743 2925 869 2968 Teste
898 2926 1018 2981 Rege
1050 2927 1164 2981 apud
1186 2925 1647 2968 WESTMONASTERIUM
1677 2939 1751 2966 XX.
1783 2924 1851 2966 die
1881 2924 1910 2966 J
1914 2923 1991 2966 ulii
2018 2939 2093 2980 per
2124 2924 2249 2966 breve

304 3009 355 3050 de
376 3009 540 3063 privato
564 3008 717 3063 sigillo.
1308 3026 1331 3044 a
