2386 3645
1883 260 1993 302 1209

108 463 161 505 de
189 462 452 504 ARCLESTON
484 474 580 501 oum
609 458 879 515 pertinentiis
910 458 1103 514 episcopo
1134 458 1430 502 LANDAVENSI
1462 464 1503 503 et
1534 461 1726 518 ejusdem
1745 464 1827 506 loci
1848 465 2045 521 capitulo.

109 550 373 594 Habendum
402 548 483 592 sibi
513 551 556 592 et
585 548 888 591 successoribus
918 548 1004 591 suis
1033 564 1198 591 necnon
1229 550 1306 592 soli
1337 551 1535 606 capitulo,
1557 552 1654 594 sede
1684 556 1873 606 vacante,
1893 555 2048 611 imper-

106 644 297 698 petuum,
318 641 373 682 ad
402 638 709 682 inveniendum
739 640 845 681 duos
873 639 1123 695 capellanos,
1146 640 1221 695 qui
1251 643 1377 683 erunt
1405 642 1599 697 perpetui
1626 643 1772 685 vicarii
1801 644 1848 686 in
1878 646 2049 689 ecclesia

104 730 418 782 LANDAVENsI,
468 732 512 772 et
569 729 817 772 continuam
877 729 1036 772 facient
1090 729 1249 772 ibidem
1297 731 1583 784 residentiam,
1635 736 1677 775 et
1726 733 1883 777 debent
1931 737 2050 792 sequi

113 820 287 864 chorum
307 821 362 862 ad
382 820 616 862 matutinas
636 822 679 862 et
699 820 754 862 ad
775 835 920 862 omnes
943 818 1067 862 horas
1097 821 1317 863 canonicas
1348 824 1391 864 et
1423 821 1576 865 cotidie
1608 822 1878 867 celebrabunt
1907 825 2054 869 divina

101 928 178 970 pro
199 911 422 955 animabus
442 911 575 967 ipsius
595 910 845 954 WILLELMI
867 914 910 953 et
930 911 1118 953 Smoms
1138 911 1283 954 fratris
1303 911 1410 968 ejus,
1433 916 1475 955 et
1501 928 1577 968 pro
1605 913 1827 957 animabus
1857 916 2048 960 omnium

101 1004 293 1046 fidelium
314 1001 638 1045 defunctorum:
680 1001 752 1044 Ita
772 1002 886 1058 quod
905 1017 1017 1044 unus
1045 1017 1191 1045 eorum
1211 1002 1439 1046 celebrabit
1466 1004 1620 1047 cotidie
1648 1005 1695 1047 in
1715 1020 1866 1049 aurora
1887 1007 1984 1060 diei,
2007 1011 2050 1051 et

102 1094 210 1138 alius
260 1096 360 1136 ante
409 1093 696 1150 pulsationem
744 1093 894 1149 primae
935 1108 1010 1149 per
1049 1094 1239 1136 medium
1279 1095 1407 1150 spatii
1448 1095 1774 1151 imperpetuum.
1835 1097 1897 1140 Et
1937 1099 2050 1154 quod

106 1185 310 1242 praedicta
342 1184 631 1241 messuagium
662 1188 703 1227 et
733 1187 857 1226 terrae
877 1186 1080 1226 tenentur
1099 1185 1151 1226 de
1170 1183 1428 1228 W1LLELM0
1448 1186 1501 1228 de
1521 1185 1720 1230 WEsroN
1740 1202 1816 1243 per
1835 1188 2054 1231 servitium

100 1257 282 1319 duorum
303 1275 574 1318 denariorum
594 1290 669 1331 per
690 1290 865 1327 annum,
887 1275 943 1317 ad
962 1274 1122 1317 festum
1142 1274 1288 1318 Sancti
1318 1275 1579 1318 MICHAELIS
1609 1292 1684 1333 pro
1716 1278 1833 1320 omni
1863 1279 2047 1333 servitio,

99 1369 143 1410 et
154 1366 300 1409 valent
319 1381 395 1422 per
411 1381 574 1409 annum
594 1366 641 1408 in
663 1365 860 1408 omnibus
880 1366 925 1407 in
947 1365 1133 1408 exitibus
1152 1366 1279 1422 juxta
1294 1382 1443 1410 verum
1456 1367 1643 1410 valorem
1657 1369 1889 1411 eorundem
1905 1371 2050 1413 decem

99 1457 264 1501 solidos.
325 1457 462 1502 Vobis
496 1458 750 1500 mandamus
783 1457 897 1513 quod
926 1456 1038 1512 ipsos
1070 1457 1312 1513 episcopum
1342 1462 1385 1501 et
1414 1459 1650 1515 capitulum
1680 1459 1726 1502 in
1756 1461 1946 1503 manerio
1976 1476 2050 1504 seu

97 1548 220 1591 terris
240 1552 284 1591 et
303 1548 559 1591 tenementis
588 1548 802 1604 praedictis
823 1548 1037 1590 occasione
1058 1548 1356 1604 adquisitionis
1380 1551 1612 1592 eorundem
1640 1565 1726 1593 non
1750 1552 1980 1595 molestetis
2000 1553 2048 1596 in

97 1640 240 1696 aliquo
261 1655 335 1682 seu
356 1639 555 1696 gravetis.

155 1730 280 1773 Teste
302 1729 424 1787 Rege
446 1731 561 1786 apud
582 1729 910 1781 Nor‘rmGHAM,
933 1745 1060 1772 xxm.
1083 1731 1152 1773 die
1173 1730 1446 1787 Septembris.

154 1821 202 1859 (1)
226 1820 336 1851 Willis
352 1829 446 1859 says:
471 1820 581 1850 ‘Nunc
598 1820 769 1850 Eccleston
791 1820 871 1850 alias
888 1820 1101 1859 Ecclesinon‚'
1118 1821 1277 1859 probably
1294 1830 1381 1851 some
1398 1821 1506 1859 parish
1528 1822 1559 1851 in
1583 1821 1638 1852 the
1660 1822 1941 1854 Monmouthshire
1963 1833 2036 1863 part

105 1877 138 1907 of
152 1877 209 1907 the
224 1876 367 1906 Diocese.

887 2057 1252 2101 DCCCCLXVI.

91 2166 308 2210 GRANT
359 2166 432 2210 IN
483 2166 634 2209 TAIL
682 2165 769 2209 BY
822 2165 1126 2218 RICHARD,
1180 2166 1297 2209 SON
1346 2167 1482 2210 AND
1533 2168 1697 2212 HEIR
1748 2170 1826 2213 OF
1875 2171 2045 2216 JOHN

236 2257 508 2311 THOMAS,
561 2257 640 2300 OF
689 2257 866 2300 LAND
917 2256 990 2299 IN
1041 2256 1526 2311 LLANSTEPHAN,
1579 2259 1665 2302 CO.
1718 2259 2042 2306 OAERMAR-

235 2348 426 2401 THEN,
459 2348 536 2392 ΤΟ
568 2348 670 2392 SIR
701 2348 755 2391 R..
779 2348 864 2391 DE
885 2348 1131 2392 PENRES
1162 2348 1297 2391 AND
1328 2348 1556 2392 ISABEL
1588 2350 1672 2392 DE
1704 2350 2040 2407 STAKEPOL,

233 2439 340 2483 HIS
392 2439 575 2484 WIFE.

798 2513 1029 2571 [MARGAM
1062 2507 1322 2571 CHARTER]

309 2621 521 2664 TUESDAY
545 2636 717 2664 BEFORE
741 2622 838 2663 Am.
860 2621 1036 2664 SAst’
1058 2622 1163 2664 Du
1189 2623 1260 2677 (28
1283 2622 1420 2678 Oen).
1467 2624 1520 2665 10
1543 2623 1670 2665 EDw.
1695 2623 1785 2668 III.
1850 2627 1974 2670 1336.

866 2729 1266 2772 LANDEs'rEPHAn'.

145 2820 290 2864 Sciant
310 2836 351 2877 p.
376 2824 418 2864 et
438 2821 470 2864 f.
493 2836 532 2877 q.
557 2837 591 2864 e.
616 2821 848 2864 RmARDUs
870 2821 1060 2864 Tnoms
1080 2822 1111 2864 f.
1142 2825 1184 2864 et
1213 2821 1255 2864 h.
1288 2821 1318 2865 J
1320 2836 1519 2864 OHANNIS
1551 2821 1740 2865 Tuoms
1771 2825 1823 2866 de
1852 2824 2036 2868 LANDE-

85 2911 303 2954 STEPHAn'
327 2912 367 2954 d.
392 2927 424 2954 c.
448 2914 492 2954 et
510 2911 588 2954 has
606 2927 647 2968 p.
682 2927 714 2955 o.
747 2927 803 2955 m.
838 2913 1083 2955 confirmavi
1114 2912 1286 2955 domino
1317 2912 1531 2954 Rommo
1555 2913 1607 2954 de
1633 2912 1816 2957 PENRES
1836 2915 1965 2958 militi
1995 2921 2037 2959 et

83 3000 289 3044 ISABELL’
312 3003 364 3046 de
385 3002 622 3045 STAKEPOL
643 3003 766 3046 uxori
787 3019 860 3046 sue
881 3007 923 3046 et
943 3003 1170 3046 heredibus
1200 3018 1345 3046 eorum
1375 3003 1427 3044 de
1458 3003 1700 3059 corporibus
1730 3005 1814 3047 suis
1843 3006 2036 3062 legitime

285 3142 352 3176 713
