2386 3645
1943 295 2055 337 1233

941 492 1352 538 DCCGOLXXVI.

168 598 608 644 OONDITIONAL
664 598 950 641 RELEASE
1009 599 1096 641 BY
1159 600 1421 653 ROBERT,
1487 602 1604 645 SON
1662 603 1739 646 OF
1802 605 1831 647 J
1835 605 1969 648 OHN
2031 607 2114 649 LE

319 689 621 741 LATIMER,
683 689 759 731 ΤΟ
830 672 1111 732 EDWARD
1172 690 1257 732 DE
1317 691 1831 737 ESTRADELYNGH
1892 696 2014 739 FOR
2071 697 2115 740 A

319 781 504 823 BOND.

964 837 1184 895 [FRANCIS
1214 838 1332 896 MS]

1284 932 1340 973 20
1360 931 1479 973 AUG.
1544 933 1596 974 13
1619 932 1746 975 Emv.
1778 932 1869 976 III.
1933 935 2056 977 1339.

233 1028 443 1071 Omnibus
474 1027 662 1070 Offlusrt
695 1028 892 1070 fidelibus
922 1043 1091 1083 presens
1122 1029 1326 1084 scriptum
1358 1030 1511 1072 visuris
1541 1031 1608 1072 vel
1638 1032 1848 1074 audituris
1879 1032 2117 1076 Ronmwns

172 1112 286 1154 filius
317 1111 347 1154 J
350 1125 550 1153 OHANNIS
588 1111 628 1152 le
661 1110 877 1152 LATIMER
917 1114 1122 1153 mercator
1164 1113 1216 1153 de
1258 1112 1461 1154 comitatu
1501 1112 1693 1155 DORSET’
1732 1114 1923 1156 salutem.
1999 1115 2122 1158 Licet

175 1193 374 1236 dominus
408 1193 670 1235 EDWARDUS
707 1193 759 1233 de
796 1191 1164 1234 ESTRADELYNGH
1200 1193 1398 1235 dominus
1430 1194 1610 1235 manerii
1645 1195 1697 1236 de
1738 1194 2123 1238 COUMBEHAWEYE

170 1279 220 1319 -et
268 1276 529 1318 EDWARDUS
579 1275 692 1317 filius
742 1275 936 1331 ejusdem
978 1275 1205 1317 EDWARDI
1245 1279 1494 1318 mercatores
1534 1277 1587 1318 de
1633 1277 1837 1319 comitatu
1877 1276 2122 1320 SOMERSET'

175 1359 283 1401 mihi
323 1359 368 1400 in
409 1363 580 1400 centum
619 1358 770 1400 marcis
821 1358 1121 1414 sterhngorum
1169 1362 1395 1400 teneantur
1445 1362 1488 1400 et
1536 1359 1825 1414 unusquisque
1865 1375 2010 1402 eorum
2059 1360 2124 1402 in-

177 1441 361 1483 solidum
381 1456 455 1496 per
483 1441 687 1496 scriptum
719 1455 842 1482 suum
873 1440 1174 1496 obligatorium
1208 1441 1284 1483 sub
1321 1443 1480 1483 statuto
1510 1444 1791 1483 mercatorum
1820 1441 1982 1484 factum
2013 1442 2128 1497 apud

175 1523 490 1566 BRISTOLLIAM
522 1523 803 1565 sextodecimo
835 1524 903 1565 die
944 1524 1134 1579 Augusti
1165 1539 1276 1565 anno
1307 1524 1430 1579 regni
1464 1523 1600 1580 Regis
1630 1523 1856 1565 EDWARDI
1887 1524 2005 1566 tercii
2035 1526 2130 1580 post

181 1609 458 1662 conquestum
479 1606 772 1648 terciodecimo
793 1621 869 1662 pro
889 1605 1016 1648 blado
1042 1606 1200 1648 eisdem
1221 1607 1396 1648 vendito
1427 1606 1533 1647 mihi
1563 1607 1630 1648 vel
1660 1621 1753 1648 meo
1785 1609 1896 1648 certo
1916 1609 2130 1649 attornato

179 1689 248 1731 vel
287 1688 582 1731 executoribus
621 1688 725 1730 meis
770 1689 1068 1730 solvendorum
1118 1691 1243 1731 modo
1291 1705 1374 1744 quo
1414 1689 1457 1731 in
1510 1689 1622 1731 dicto
1673 1689 1826 1744 scripto
1876 1689 2130 1745 obligatorio

180 1771 436 1822 continetur,
468 1771 579 1813 Volo
610 1775 755 1813 tamen
787 1774 829 1812 et
859 1787 933 1826 per
964 1787 1134 1827 presens
1166 1772 1369 1828 scriptum
1398 1787 1542 1814 meum
1574 1773 1753 1814 concedo
1785 1772 1898 1826 quod
1928 1771 1963 1813 si
1992 1771 2131 1814 dictus

178 1854 380 1896 dominus
410 1853 672 1896 EDWARDUS
703 1854 770 1896 vel
800 1854 963 1896 ELENA
995 1870 1101 1897 uxor
1132 1855 1225 1910 ejus
1245 1856 1314 1897 vel
1334 1855 1594 1897 EDWARDUS
1615 1854 1728 1896 filius
1749 1869 1893 1896 eorum
1916 1888 1924 1896 .
1947 1869 2015 1895 me
2036 1868 2132 1895 cum

177 1952 290 1992 equo
321 1940 364 1978 et
395 1937 592 1991 garcione
619 1952 713 1979 meo
742 1953 817 1992 per
845 1938 1054 1979 adventus
1082 1953 1197 1980 meos
1227 1943 1268 1980 et
1296 1953 1435 1980 moras
1464 1952 1579 1979 meas
1606 1940 1648 1979 et
1674 1937 1703 1980 J
1706 1950 1930 1978 OHANNAM
1957 1950 2135 1978 uxorem

181 2034 320 2061 meam
344 2035 442 2061 cum
463 2020 582 2062 exitu
602 2023 745 2062 nostro
767 2025 810 2061 et
830 2021 875 2061 in
891 2020 993 2061 cibis
1015 2023 1056 2062 et
1077 2020 1246 2075 potibus
1265 2021 1372 2063 bene
1388 2023 1429 2062 et
1445 2021 1730 2074 competenter
1744 2018 2074 2060 sustentaverint
2090 2020 2134 2060 et

181 2118 314 2145 unam
343 2103 490 2144 robam
517 2106 826 2157 competentem
858 2118 954 2144 cum
984 2103 1134 2145 furura
1165 2103 1386 2144 annuatim
1428 2102 1533 2143 mihi
1564 2104 1606 2143 et
1636 2101 1813 2143 alteram
1842 2100 1989 2142 robam
2019 2115 2130 2141 com-

181 2188 398 2242 petentem
429 2201 525 2227 cum
555 2185 720 2241 pessura
751 2186 975 2227 annuatim
1007 2185 1035 2228 J
1038 2200 1225 2227 OHANNE
1254 2186 1378 2227 uxori
1407 2200 1499 2226 mee
1524 2185 1576 2226 ad
1598 2187 1733 2226 totam
1754 2183 1888 2225 vitam
1908 2182 1938 2225 J
1940 2196 2128 2224 OHANNE

182 2269 332 2310 matris
352 2283 444 2309 mee
465 2268 511 2309 in
532 2268 640 2310 festo
662 2269 818 2309 natalis
834 2268 1012 2310 Domini
1028 2269 1095 2310 vel
1116 2268 1224 2310 festo
1241 2268 1401 2310 Pasche
1423 2266 1624 2309 sciverint
1640 2266 1752 2321 quod
1774 2281 1826 2306 ex
1846 2268 1949 2306 tunc
1970 2265 2134 2306 dictum

183 2350 387 2406 scriptum
418 2350 721 2406 obligatorium
752 2353 922 2392 centum
953 2366 1190 2392 marcarum
1219 2351 1388 2392 irritum
1419 2350 1474 2391 sit
1504 2353 1545 2391 et
1575 2363 1756 2390 vacuum
1786 2351 1827 2389 et
1859 2347 2031 2389 omnino
2056 2361 2133 2389 suo

183 2437 324 2475 careat
358 2434 504 2489 vigore
540 2437 583 2475 et
621 2447 698 2488 pro
731 2433 849 2475 1111110
885 2433 1104 2475 habeatur.
1167 2433 1222 2475 In
1249 2432 1371 2487 cujus
1398 2432 1459 2474 rei
1486 2430 1778 2473 testimonium
1811 2429 1911 2471 huic
1945 2428 2132 2483 presenti

185 2516 340 2572 scripto
360 2531 454 2557 meo
476 2516 667 2572 sigillum
689 2531 832 2557 meum
855 2516 1042 2571 apposui.

242 2606 407 2648 Datum
429 2607 543 2663 apud
564 2606 857 2649 HALESWEYE
879 2607 947 2648 die
968 2607 1149 2650 Veneris
1169 2606 1366 2648 vicesimo
1387 2605 1455 2646 die
1476 2603 1667 2660 Augusti
1698 2616 1809 2644 anno
1839 2601 1962 2657 regni
1992 2600 2128 2656 Regis

185 2688 413 2730 EDWARDI
443 2689 564 2731 tercii
603 2692 698 2744 post
739 2692 1015 2744 conquestum
1054 2688 1357 2731 terciodecimo.
1434 2686 1537 2728 Hiis
1567 2684 1744 2728 testibus
1777 2718 1785 2726 .
1820 2683 2050 2726 GILBERTO
2079 2682 2135 2723 de

186 2771 428 2823 HYWYCH,'
453 2805 461 2814 .
486 2771 515 2814 J
517 2786 704 2814 OHANNE
725 2772 765 2814 le
787 2771 915 2813 BRET
937 2805 946 2813 .
969 2771 1154 2813 Smoxss
1176 2773 1228 2812 de
1250 2770 1430 2812 Rocans
1451 2772 1494 2811 et
1514 2768 1621 2810 aliis.

243 2862 468 2905 Endorsed
487 2863 534 2904 in
555 2879 580 2905 a
600 2863 685 2904 late
707 2863 1070 2919 handwriting-—‘
1084 2861 1231 2905 Nota)
1294 2866 1303 2884 ‘
1320 2859 1548 2903 Relaxacio
1570 2860 1621 2900 de
1643 2854 1944 2913 Obligatione.'

245 2953 337 2996 The
359 2954 542 3010 original
564 2955 670 2996 deed
691 2954 726 2996 is
747 2954 951 2996 indented
974 2958 1018 2995 at
1038 2954 1111 2996 the
1131 2956 1217 3008 top,
1240 2954 1325 2995 and
1346 2952 1464 2994 there
1494 2965 1564 2992 are
1595 2963 1708 2991 some
1738 2945 1959 2989 uncertain
1987 2944 2136 2987 letters

188 3040 259 3080 cut
279 3037 480 3093 through.

390 3177 460 3210 712:
