2386 3645
276 239 386 280 1632

279 445 387 487 Cum
422 459 558 500 nuper
591 444 818 487 habuimus
851 460 903 487 ex
936 445 1198 487 concessione
1228 448 1269 487 et
1300 445 1550 487 dimissione
1582 444 1748 487 abbatis
1781 448 1823 488 et
1851 448 2082 489 conventus
2113 448 2166 489 de

221 535 421 577 Momm
452 536 690 577 manerium
711 536 763 578 de
793 535 1083 578 REISOULOND
1114 550 1210 577 cum
1231 535 1427 578 omnibus
1456 536 1645 591 piscariis
1666 539 1708 577 et
1730 536 1904 578 decimis
1935 536 2165 593 garbarum

219 629 262 668 et
291 626 386 668 aliis
406 626 491 668 suis
520 627 790 683 pertinentiis
818 627 863 669 in
885 626 1101 669 excambio
1131 641 1206 682 pro
1236 627 1425 669 manerio
1457 627 1508 669 de
1544 626 1739 669 NEUTON
1772 626 2038 670 NOTAYssHE
2069 643 2166 671 cum

217 718 486 774 pertinentiis
516 719 600 760 suis
631 719 743 774 quod
780 718 952 773 quidem
982 717 1222 759 manerium
1253 718 1306 759 de
1345 716 1587 759 RESOULYN
1620 732 1717 759 cum
1751 717 1938 772 piscariis
1968 721 2010 759 et
2040 719 2168 774 perti-

217 809 374 851 nentiis
414 809 500 851 suis
537 808 694 852 GRoNo
730 824 783 865 ap
825 808 1088 850 LLEWELYN
1138 807 1257 850 Vom
1298 811 1339 849 et
1381 807 1598 850 HOPKYN'
1640 822 1693 863 ap
1742 806 2003 850 LIAEWELYN
2048 808 2169 852 V01A

216 900 456 942 habuerunt
487 902 542 942 ad
572 901 737 942 firmam
761 934 768 942 .
792 915 867 955 pro
897 914 981 954 qua
1013 899 1185 954 quidem
1215 899 1338 940 firma
1367 899 1549 941 manerii
1581 898 1761 954 predicti
1792 914 1886 940 cum
1922 899 2007 941 suis
2037 900 2166 954 perti-

215 992 373 1034 nentiis
407 992 585 1047 predicti
623 991 780 1034 GRONo
815 993 857 1032 et
891 989 1108 1032 HOPKYN'
1142 989 1263 1032 nobis
1299 989 1454 1032 debent
1490 990 1651 1046 viginti
1686 989 1816 1032 libras
1852 990 2164 1046 sterlingorum.

218 1081 360 1128 Quare
376 1081 494 1124 vobis
515 1084 557 1124 et
577 1081 748 1124 cuilibet
768 1084 955 1123 vestrum
975 1080 1230 1136 precipimus
1249 1080 1427 1122 firmiter
1447 1080 1731 1136 injungentes
1750 1114 1758 1121 .
1778 1081 1891 1135 quod
1912 1080 2169 1137 ubicumque

215 1187 288 1215 vos
307 1172 554 1214 inveneritis
576 1187 648 1214 seu
669 1187 780 1213 unus
799 1174 986 1213 vestrum
1014 1171 1225 1213 invenerit
1255 1173 1345 1212 tam
1366 1171 1481 1212 infra
1502 1170 1698 1212 ballivias
1720 1173 1879 1213 vestras
1900 1186 2027 1226 quam
2048 1175 2169 1214 extra

215 1264 424 1320 predictos
446 1263 603 1306 GRONO
625 1266 666 1305 et
688 1262 905 1304 HOPKYN'
927 1263 994 1304 vel
1015 1277 1149 1304 unum
1170 1277 1316 1304 eorum
1335 1296 1342 1304 .
1363 1277 1436 1304 seu
1456 1277 1602 1303 eorum
1624 1261 1735 1303 bona
1756 1265 1798 1303 et
1819 1263 1971 1304 catalla
1997 1262 2171 1305 arestari

212 1355 378 1397 faciatis
401 1390 409 1397 .
433 1358 476 1397 et
497 1370 566 1396 eos
587 1354 643 1396 sic
664 1357 866 1396 arestatos
887 1369 982 1396 cum
1003 1353 1125 1396 bonis
1150 1352 1235 1410 [et]
1270 1353 1432 1395 catallis
1456 1352 1541 1394 suis
1562 1353 1615 1394 ad
1636 1353 1876 1408 proximam
1897 1353 2067 1409 gaolam
2095 1368 2170 1396 seu

213 1450 397 1488 castrum
417 1449 608 1488 nostrum
629 1444 883 1500 ubicumque
915 1444 1045 1486 fuerit
1070 1444 1168 1486 duci
1198 1444 1365 1486 faciatis
1396 1443 1555 1486 ibidem
1586 1443 1702 1485 salvo
1734 1444 2029 1486 custodiendos
2059 1459 2166 1500 quo-

209 1552 342 1593 usque
370 1536 490 1579 nobis
520 1536 783 1578 satisfactum
814 1535 943 1577 fuerit
974 1536 1025 1577 de
1056 1535 1255 1590 predictis
1285 1534 1440 1590 viginti
1471 1533 1590 1576 libris
1619 1535 1932 1590 sterlingorum.
1994 1535 2053 1577 Et
2085 1535 2162 1578 hoc

214 1628 334 1669 nullo
354 1628 479 1670 modo
501 1626 706 1669 omittatis
729 1659 737 1668 .
763 1641 835 1667 seu
856 1641 967 1668 unus
983 1629 1170 1668 vestrum
1192 1626 1363 1667 omittat
1393 1659 1400 1667 .
1425 1625 1529 1680 quin
1551 1625 1841 1667 executionem
1872 1625 1999 1667 istius
2028 1625 2171 1669 brevis

212 1721 353 1760 nostre
373 1718 539 1761 faciatis
561 1733 632 1759 seu
653 1732 764 1759 unus
784 1720 973 1759 vestrum
994 1717 1123 1760 faciat
1142 1751 1149 1759 .
1169 1716 1246 1759 sub
1267 1732 1377 1772 pena
1391 1719 1562 1758 centum
1578 1715 1783 1758 librarum
1799 1715 1920 1758 nobis
1941 1716 2165 1759 incursuri.

273 1809 398 1852 Teste
434 1809 592 1864 meipso
625 1810 740 1864 apud
781 1807 1049 1850 KAERDYFF’
1086 1808 1131 1849 in
1167 1808 1317 1864 vigilia
1349 1807 1541 1850 omnium
1574 1809 1814 1849 sanctorum
1853 1841 1860 1849 .
1897 1822 2009 1849 anno
2043 1807 2168 1864 regni

217 1901 351 1957 Regis
385 1901 587 1943 HENRICI
620 1901 727 1943 sexti
759 1903 855 1956 post
887 1902 1164 1955 conquestum
1198 1898 1382 1941 ANGLIE
1415 1898 1626 1940 tricesimo
1659 1897 1809 1953 primo.

278 1992 375 2034 Seal
406 1992 452 2034 in
484 1991 612 2033 white
645 2007 752 2043 wax,
789 1992 876 2033 4111.
912 1991 1039 2032 diam.

283 2085 460 2126 obverse.
523 2083 595 2124 An
616 2083 761 2124 armed
780 2082 951 2139 knight,
973 2081 1118 2137 riding
1140 2086 1182 2122 to
1202 2081 1275 2122 the
1297 2095 1449 2136 proper
1469 2079 1562 2130 left,
1585 2093 1676 2119 arm
1693 2078 1902 2119 extended
1927 2079 2012 2120 and
2033 2079 2169 2122 sword

221 2175 358 2217 lifted.
420 2173 512 2216 The
543 2176 649 2216 erest
679 2188 800 2229 gone.
863 2172 931 2214 On
961 2171 1034 2214 the
1065 2171 1200 2214 shield
1232 2186 1256 2212 a
1287 2170 1443 2221 saltim,
1474 2170 1560 2211 and
1589 2169 1635 2211 in
1657 2169 1768 2211 chief
1789 2185 1814 2211 a
1834 2169 1945 2212 label
1976 2169 2020 2211 of
2050 2169 2168 2212 three

225 2267 378 2323 points.
442 2265 510 2307 On
526 2264 598 2306 the
614 2263 772 2306 horse's
789 2264 1027 2319 caparisons
1041 2262 1114 2304 the
1128 2262 1398 2318 quarterings
1414 2260 1630 2302 described
1647 2274 1701 2302 on
1718 2259 1791 2302 the
1806 2275 1979 2303 reverse.
2033 2260 2169 2302 Back·

227 2358 394 2415 ground
414 2355 679 2411 replenished
701 2354 805 2396 with
827 2354 963 2410 sprigs
984 2353 1028 2396 of
1049 2353 1220 2408 foliage.

530 2450 539 2469 ‘
547 2479 817 2488 .......
851 2458 1023 2486 COMITIS
1056 2477 1282 2486 ......
1317 2457 1448 2484 OMINI
1483 2477 1490 2484 .
1525 2456 1676 2483 GLAMO
1711 2476 1719 2483 .
1755 2476 1763 2484 .
1799 2476 1807 2484 .
1844 2441 1871 2483 .'

290 2541 469 2582 Reverse.
531 2537 574 2579 A
595 2537 728 2579 shield
750 2536 795 2578 of
815 2551 939 2587 arms,
962 2534 1199 2590 quarterly3
1235 2535 1271 2585 l,
1294 2536 1334 2585 4,
1357 2533 1588 2588 quarterly‚
1613 2532 1764 2575 CLARE
1787 2533 1871 2574 and
1892 2532 2174 2585 DEsPENsnR,

231 2632 271 2683 2,
294 2632 334 2683 3,
356 2629 586 2686 quarterly,
618 2627 897 2669 MONTACUTE
929 2627 1013 2668 and
1044 2625 1389 2667 MONTHERMER.
1451 2623 1553 2666 Two
1586 2626 1712 2665 crests
1744 2622 1845 2664 each
1877 2637 1931 2664 on
1962 2638 1987 2663 a
2017 2622 2175 2664 helmet

236 2722 432 2779 (facing),
461 2719 564 2761 with
596 2718 860 2761 ornamental
891 2718 1117 2773 mantling.
1180 2716 1344 2758 Dexter
1374 2719 1493 2766 orest,
1518 2714 1733 2769 wanting;
1767 2714 1945 2780 sinister,
1968 2729 1993 2755 a
2013 2714 2176 2769 dragon

234 2815 406 2856 statant.
473 2810 738 2866 supportem,
774 2812 857 2851 two
893 2809 1025 2860 bears,
1060 2808 1254 2857 collared,
1289 2806 1480 2858 chained,
1517 2806 1603 2847 and
1637 2805 1801 2860 ringed.
1870 2803 1925 2846 In
1961 2803 2058 2846 base
2094 2808 2177 2846 two

234 2905 395 2961 ragged
431 2907 585 2945 stares.

451 2997 460 3015 ⁶
479 3008 498 3035 s
521 3024 835 3034 ..........
860 3005 1033 3032 comrls
1057 3023 1235 3031 ......
1259 3003 1300 3030 (Ὶ
1324 3021 1333 3031 .
1358 2987 1451 3029 D’NI
1475 3020 1484 3030 .
1508 3000 1631 3028 GLAM
1655 3018 1932 3028 .........
1938 2985 1949 3003 ’
