<?xml version="1.0" encoding="UTF-8"?>
<!DOCTYPE html PUBLIC "-//W3C//DTD XHTML 1.0 Transitional//EN"
    "http://www.w3.org/TR/xhtml1/DTD/xhtml1-transitional.dtd">
<html xmlns="http://www.w3.org/1999/xhtml" xml:lang="en" lang="en">
 <head>
  <title>
</title>
<meta http-equiv="Content-Type" content="text/html;charset=utf-8" />
  <meta name='ocr-system' content='tesseract 3.04.00' />
  <meta name='ocr-capabilities' content='ocr_page ocr_carea ocr_par ocr_line ocrx_word'/>
</head>
<body>
  <div class='ocr_page' id='page_1' title='image "./cartaeetaliamuni04claruoft_0162.png"; bbox 0 0 2386 3645; ppageno 0'>
   <div class='ocr_carea' id='block_1_1' title="bbox 283 225 392 266">
    <p class='ocr_par' dir='ltr' id='par_1_1' title="bbox 283 225 392 266">
     <span class='ocr_line' id='line_1_1' title="bbox 283 225 392 266; baseline 0 0"><span class='ocrx_word' id='word_1_1' title='bbox 283 225 392 266; x_wconf 89' lang='lat'>1300</span> 
     </span>
    </p>
   </div>
   <div class='ocr_carea' id='block_1_2' title="bbox 223 431 2158 838">
    <p class='ocr_par' dir='ltr' id='par_1_2' title="bbox 279 431 1871 488">
     <span class='ocr_line' id='line_1_2' title="bbox 279 431 1871 488; baseline -0.001 -14"><span class='ocrx_word' id='word_1_2' title='bbox 279 431 550 488; x_wconf 84' lang='lat' dir='ltr'>Inspeximus</span> <span class='ocrx_word' id='word_1_3' title='bbox 570 433 702 475; x_wconf 79' lang='lat' dir='ltr'>eciam</span> <span class='ocrx_word' id='word_1_4' title='bbox 725 466 734 475; x_wconf 92' lang='lat'>.</span> <span class='ocrx_word' id='word_1_5' title='bbox 759 466 767 474; x_wconf 96' lang='lat'>.</span> <span class='ocrx_word' id='word_1_6' title='bbox 793 465 803 475; x_wconf 93' lang='lat'><strong>.</strong></span> <span class='ocrx_word' id='word_1_7' title='bbox 828 465 838 475; x_wconf 87' lang='lat'><strong>.</strong></span> <span class='ocrx_word' id='word_1_8' title='bbox 865 433 958 488; x_wconf 87' lang='lat' dir='ltr'>(etc.</span> <span class='ocrx_word' id='word_1_9' title='bbox 982 437 1073 486; x_wconf 68' lang='lat' dir='ltr'>eto„</span> <span class='ocrx_word' id='word_1_10' title='bbox 1095 447 1162 475; x_wconf 89' lang='lat' dir='ltr'>see</span> <span class='ocrx_word' id='word_1_11' title='bbox 1182 432 1255 475; x_wconf 82' lang='lat' dir='ltr'>the</span> <span class='ocrx_word' id='word_1_12' title='bbox 1276 433 1406 487; x_wconf 88' lang='lat' dir='ltr'>same)</span> <span class='ocrx_word' id='word_1_13' title='bbox 1434 465 1443 475; x_wconf 93' lang='lat'><strong>.</strong></span> <span class='ocrx_word' id='word_1_14' title='bbox 1468 465 1477 474; x_wconf 91' lang='lat'><strong>.</strong></span> <span class='ocrx_word' id='word_1_15' title='bbox 1502 465 1511 474; x_wconf 92' lang='lat'>.</span> <span class='ocrx_word' id='word_1_16' title='bbox 1536 465 1546 474; x_wconf 89' lang='lat'>.</span> <span class='ocrx_word' id='word_1_17' title='bbox 1567 432 1613 474; x_wconf 92' lang='lat' dir='ltr'>in</span> <span class='ocrx_word' id='word_1_18' title='bbox 1633 431 1709 474; x_wconf 90' lang='lat' dir='ltr'>hec</span> <span class='ocrx_word' id='word_1_19' title='bbox 1731 431 1871 474; x_wconf 88' lang='lat' dir='ltr'>verba.</span> 
     </span>
    </p>

    <p class='ocr_par' dir='ltr' id='par_1_3' title="bbox 225 521 2158 670">
     <span class='ocr_line' id='line_1_3' title="bbox 281 521 2158 580; baseline 0.001 -16"><span class='ocrx_word' id='word_1_20' title='bbox 281 521 426 565; x_wconf 79' lang='lat' dir='ltr'>Sciant</span> <span class='ocrx_word' id='word_1_21' title='bbox 446 538 590 566; x_wconf 88' lang='grc'>01111108</span> <span class='ocrx_word' id='word_1_22' title='bbox 609 526 699 565; x_wconf 92' lang='lat' dir='ltr'>tam</span> <span class='ocrx_word' id='word_1_23' title='bbox 719 526 933 580; x_wconf 79' lang='lat' dir='ltr'>presentes</span> <span class='ocrx_word' id='word_1_24' title='bbox 953 538 1081 579; x_wconf 91' lang='lat' dir='ltr'>quam</span> <span class='ocrx_word' id='word_1_25' title='bbox 1111 523 1245 565; x_wconf 83' lang='lat' dir='ltr'>futuri</span> <span class='ocrx_word' id='word_1_26' title='bbox 1265 524 1378 579; x_wconf 84' lang='lat' dir='ltr'>quod</span> <span class='ocrx_word' id='word_1_27' title='bbox 1407 537 1485 579; x_wconf 87' lang='lat' dir='ltr'>ego</span> <span class='ocrx_word' id='word_1_28' title='bbox 1508 521 1765 564; x_wconf 79' lang='lat' dir='ltr'>GILBERTUS</span> <span class='ocrx_word' id='word_1_29' title='bbox 1785 522 1838 563; x_wconf 88' lang='lat' dir='ltr'>de</span> <span class='ocrx_word' id='word_1_30' title='bbox 1869 521 2021 563; x_wconf 77' lang='lat' dir='ltr'>GLARE</span> <span class='ocrx_word' id='word_1_31' title='bbox 2045 555 2053 565; x_wconf 91' lang='lat'><strong>.</strong></span> <span class='ocrx_word' id='word_1_32' title='bbox 2079 556 2088 564; x_wconf 91' lang='lat'>.</span> <span class='ocrx_word' id='word_1_33' title='bbox 2113 557 2122 566; x_wconf 91' lang='lat'><strong>.</strong></span> <span class='ocrx_word' id='word_1_34' title='bbox 2147 556 2158 566; x_wconf 87' lang='lat'><strong>.</strong></span> 
     </span>
     <span class='ocr_line' id='line_1_4' title="bbox 225 612 1692 670; baseline -0.001 -15"><span class='ocrx_word' id='word_1_35' title='bbox 225 612 318 668; x_wconf 88' lang='lat' dir='ltr'>(etc.</span> <span class='ocrx_word' id='word_1_36' title='bbox 343 616 434 666; x_wconf 61' lang='lat' dir='ltr'>etc„</span> <span class='ocrx_word' id='word_1_37' title='bbox 457 629 523 657; x_wconf 90' lang='lat' dir='ltr'>see</span> <span class='ocrx_word' id='word_1_38' title='bbox 543 614 616 657; x_wconf 89' lang='lat' dir='ltr'>the</span> <span class='ocrx_word' id='word_1_39' title='bbox 637 615 766 670; x_wconf 88' lang='lat' dir='ltr'>same)</span> <span class='ocrx_word' id='word_1_40' title='bbox 793 648 802 657; x_wconf 88' lang='lat'><strong>.</strong></span> <span class='ocrx_word' id='word_1_41' title='bbox 828 648 836 656; x_wconf 92' lang='lat'><strong>.</strong></span> <span class='ocrx_word' id='word_1_42' title='bbox 862 647 871 656; x_wconf 92' lang='lat'>.</span> <span class='ocrx_word' id='word_1_43' title='bbox 896 647 905 657; x_wconf 91' lang='lat'><strong>.</strong></span> <span class='ocrx_word' id='word_1_44' title='bbox 931 613 1162 657; x_wconf 84' lang='lat' dir='ltr'><strong>WALTERO</strong></span> <span class='ocrx_word' id='word_1_45' title='bbox 1182 613 1336 656; x_wconf 74' lang='lat' dir='ltr'>LovEL</span> <span class='ocrx_word' id='word_1_46' title='bbox 1358 617 1399 656; x_wconf 86' lang='lat' dir='ltr'>et</span> <span class='ocrx_word' id='word_1_47' title='bbox 1419 613 1566 656; x_wconf 89' lang='lat' dir='ltr'>multis</span> <span class='ocrx_word' id='word_1_48' title='bbox 1586 613 1692 655; x_wconf 86' lang='lat' dir='ltr'>aliis.</span> 
     </span>
    </p>

    <p class='ocr_par' dir='ltr' id='par_1_4' title="bbox 223 703 2154 838">
     <span class='ocr_line' id='line_1_5' title="bbox 280 703 2154 762; baseline 0.001 -16"><span class='ocrx_word' id='word_1_49' title='bbox 280 704 342 746; x_wconf 89' lang='lat' dir='ltr'>Et</span> <span class='ocrx_word' id='word_1_50' title='bbox 367 720 443 747; x_wconf 88' lang='lat' dir='ltr'>nos</span> <span class='ocrx_word' id='word_1_51' title='bbox 463 720 560 747; x_wconf 91' lang='lat' dir='ltr'>vero</span> <span class='ocrx_word' id='word_1_52' title='bbox 587 705 800 761; x_wconf 81' lang='lat' dir='ltr'>predictus</span> <span class='ocrx_word' id='word_1_53' title='bbox 826 705 966 747; x_wconf 70' lang='lat' dir='ltr'>Hnoo</span> <span class='ocrx_word' id='word_1_54' title='bbox 986 705 1026 746; x_wconf 92' lang='lat' dir='ltr'>le</span> <span class='ocrx_word' id='word_1_55' title='bbox 1045 705 1314 747; x_wconf 81' lang='lat' dir='ltr'>DESPENSER</span> <span class='ocrx_word' id='word_1_56' title='bbox 1334 704 1446 746; x_wconf 91' lang='lat' dir='ltr'>filius</span> <span class='ocrx_word' id='word_1_57' title='bbox 1469 738 1478 746; x_wconf 87' lang='lat'><strong>.</strong></span> <span class='ocrx_word' id='word_1_58' title='bbox 1503 736 1512 745; x_wconf 85' lang='lat'><strong>.</strong></span> <span class='ocrx_word' id='word_1_59' title='bbox 1537 737 1546 745; x_wconf 93' lang='lat'><strong>.</strong></span> <span class='ocrx_word' id='word_1_60' title='bbox 1572 737 1580 745; x_wconf 93' lang='lat'>.</span> <span class='ocrx_word' id='word_1_61' title='bbox 1609 703 1702 759; x_wconf 87' lang='lat' dir='ltr'>(ete.</span> <span class='ocrx_word' id='word_1_62' title='bbox 1725 707 1817 755; x_wconf 65' lang='lat' dir='ltr'>etc„</span> <span class='ocrx_word' id='word_1_63' title='bbox 1841 719 1907 746; x_wconf 88' lang='lat' dir='ltr'>see</span> <span class='ocrx_word' id='word_1_64' title='bbox 1929 704 2002 747; x_wconf 91' lang='lat' dir='ltr'>the</span> <span class='ocrx_word' id='word_1_65' title='bbox 2023 707 2154 762; x_wconf 89' lang='lat' dir='ltr'>same)</span> 
     </span>
     <span class='ocr_line' id='line_1_6' title="bbox 223 795 1109 838; baseline -0.001 0"><span class='ocrx_word' id='word_1_66' title='bbox 223 828 233 838; x_wconf 83' lang='lat'><strong>.</strong></span> <span class='ocrx_word' id='word_1_67' title='bbox 259 828 268 838; x_wconf 89' lang='lat'><strong>.</strong></span> <span class='ocrx_word' id='word_1_68' title='bbox 295 829 304 838; x_wconf 93' lang='lat'><strong>.</strong></span> <span class='ocrx_word' id='word_1_69' title='bbox 330 829 338 837; x_wconf 92' lang='lat'>.</span> <span class='ocrx_word' id='word_1_70' title='bbox 360 795 390 838; x_wconf 84' lang='lat' dir='ltr'>J</span> <span class='ocrx_word' id='word_1_71' title='bbox 393 810 579 838; x_wconf 84' lang='lat' dir='ltr'>OHANNE</span> <span class='ocrx_word' id='word_1_72' title='bbox 601 795 755 838; x_wconf 66' lang='lat' dir='ltr'>Lovm</span> <span class='ocrx_word' id='word_1_73' title='bbox 776 798 819 838; x_wconf 93' lang='lat' dir='ltr'>et</span> <span class='ocrx_word' id='word_1_74' title='bbox 838 795 984 837; x_wconf 87' lang='lat' dir='ltr'>multis</span> <span class='ocrx_word' id='word_1_75' title='bbox 1004 795 1109 837; x_wconf 89' lang='lat' dir='ltr'>aliis.</span> 
     </span>
    </p>
   </div>
   <div class='ocr_carea' id='block_1_3' title="bbox 201 884 2160 3036">
    <p class='ocr_par' dir='ltr' id='par_1_5' title="bbox 209 884 2160 2382">
     <span class='ocr_line' id='line_1_7' title="bbox 278 884 2158 942; baseline 0.002 -14"><span class='ocrx_word' id='word_1_76' title='bbox 278 886 371 929; x_wconf 90' lang='lat' dir='ltr'>Nos</span> <span class='ocrx_word' id='word_1_77' title='bbox 402 891 544 929; x_wconf 87' lang='lat' dir='ltr'>autem</span> <span class='ocrx_word' id='word_1_78' title='bbox 579 886 790 942; x_wconf 88' lang='lat' dir='ltr'>predictus</span> <span class='ocrx_word' id='word_1_79' title='bbox 821 886 1083 928; x_wconf 80' lang='lat' dir='ltr'>EDWARDUS</span> <span class='ocrx_word' id='word_1_80' title='bbox 1113 886 1153 928; x_wconf 88' lang='lat' dir='ltr'>le</span> <span class='ocrx_word' id='word_1_81' title='bbox 1189 885 1456 927; x_wconf 81' lang='lat' dir='ltr'>DESPENSER</span> <span class='ocrx_word' id='word_1_82' title='bbox 1491 884 1687 926; x_wconf 88' lang='lat' dir='ltr'>dominus</span> <span class='ocrx_word' id='word_1_83' title='bbox 1721 884 2080 930; x_wconf 78' lang='lat' dir='ltr'><strong>GLAMORGANCIE</strong></span> <span class='ocrx_word' id='word_1_84' title='bbox 2116 891 2158 932; x_wconf 92' lang='lat' dir='ltr'>et</span> 
     </span>
     <span class='ocr_line' id='line_1_8' title="bbox 219 975 2160 1033; baseline 0.002 -14"><span class='ocrx_word' id='word_1_85' title='bbox 219 976 493 1019; x_wconf 80' lang='lat' dir='ltr'>MORGANCIE</span> <span class='ocrx_word' id='word_1_86' title='bbox 514 992 590 1033; x_wconf 90' lang='lat' dir='ltr'>pro</span> <span class='ocrx_word' id='word_1_87' title='bbox 615 977 751 1019; x_wconf 88' lang='lat' dir='ltr'>salute</span> <span class='ocrx_word' id='word_1_88' title='bbox 772 977 912 1018; x_wconf 89' lang='lat' dir='ltr'>anime</span> <span class='ocrx_word' id='word_1_89' title='bbox 944 979 1084 1018; x_wconf 84' lang='lat' dir='ltr'>nostre</span> <span class='ocrx_word' id='word_1_90' title='bbox 1111 978 1154 1018; x_wconf 87' lang='lat' dir='ltr'>et</span> <span class='ocrx_word' id='word_1_91' title='bbox 1184 976 1423 1017; x_wconf 88' lang='lat' dir='ltr'>animarum</span> <span class='ocrx_word' id='word_1_92' title='bbox 1452 975 1585 1030; x_wconf 84' lang='lat' dir='ltr'>patris</span> <span class='ocrx_word' id='word_1_93' title='bbox 1608 976 1742 1018; x_wconf 82' lang='lat' dir='ltr'>nostri</span> <span class='ocrx_word' id='word_1_94' title='bbox 1770 980 1811 1018; x_wconf 82' lang='lat' dir='ltr'>et</span> <span class='ocrx_word' id='word_1_95' title='bbox 1842 978 1990 1019; x_wconf 84' lang='lat' dir='ltr'>matris</span> <span class='ocrx_word' id='word_1_96' title='bbox 2017 981 2160 1022; x_wconf 84' lang='lat' dir='ltr'>nostre</span> 
     </span>
     <span class='ocr_line' id='line_1_9' title="bbox 219 1067 2156 1112; baseline 0.001 -2"><span class='ocrx_word' id='word_1_97' title='bbox 219 1070 263 1110; x_wconf 87' lang='lat' dir='ltr'>et</span> <span class='ocrx_word' id='word_1_98' title='bbox 282 1069 474 1110; x_wconf 90' lang='lat' dir='ltr'>omnium</span> <span class='ocrx_word' id='word_1_99' title='bbox 501 1072 809 1110; x_wconf 87' lang='lat' dir='ltr'>antecessorum</span> <span class='ocrx_word' id='word_1_100' title='bbox 829 1071 871 1109; x_wconf 79' lang='lat' dir='ltr'>et</span> <span class='ocrx_word' id='word_1_101' title='bbox 893 1067 1095 1109; x_wconf 82' lang='lat' dir='ltr'>heredum</span> <span class='ocrx_word' id='word_1_102' title='bbox 1116 1069 1356 1108; x_wconf 86' lang='lat' dir='ltr'>nostrorum</span> <span class='ocrx_word' id='word_1_103' title='bbox 1377 1081 1523 1108; x_wconf 91' lang='lat' dir='ltr'>omnes</span> <span class='ocrx_word' id='word_1_104' title='bbox 1550 1069 1684 1108; x_wconf 88' lang='lat' dir='ltr'>cartas</span> <span class='ocrx_word' id='word_1_105' title='bbox 1709 1068 1962 1110; x_wconf 83' lang='lat' dir='ltr'>donaciones</span> <span class='ocrx_word' id='word_1_106' title='bbox 1992 1084 2156 1112; x_wconf 85' lang='lat' dir='ltr'>conoes-</span> 
     </span>
     <span class='ocr_line' id='line_1_10' title="bbox 215 1156 2154 1214; baseline 0.001 -13"><span class='ocrx_word' id='word_1_107' title='bbox 215 1159 352 1201; x_wconf 88' lang='lat' dir='ltr'>siones</span> <span class='ocrx_word' id='word_1_108' title='bbox 387 1161 429 1201; x_wconf 83' lang='lat' dir='ltr'>et</span> <span class='ocrx_word' id='word_1_109' title='bbox 461 1159 800 1201; x_wconf 85' lang='lat' dir='ltr'>confirmaciones</span> <span class='ocrx_word' id='word_1_110' title='bbox 832 1157 1092 1213; x_wconf 87' lang='lat' dir='ltr'>supradictas</span> <span class='ocrx_word' id='word_1_111' title='bbox 1124 1159 1238 1198; x_wconf 85' lang='lat' dir='ltr'>ratas</span> <span class='ocrx_word' id='word_1_112' title='bbox 1270 1156 1475 1199; x_wconf 77' lang='lat' dir='ltr'>habentes</span> <span class='ocrx_word' id='word_1_113' title='bbox 1507 1160 1549 1198; x_wconf 86' lang='lat' dir='ltr'>et</span> <span class='ocrx_word' id='word_1_114' title='bbox 1582 1160 1726 1213; x_wconf 84' lang='lat' dir='ltr'>gratas</span> <span class='ocrx_word' id='word_1_115' title='bbox 1755 1173 1824 1200; x_wconf 85' lang='lat' dir='ltr'>eas</span> <span class='ocrx_word' id='word_1_116' title='bbox 1854 1175 1930 1214; x_wconf 86' lang='lat' dir='ltr'>pro</span> <span class='ocrx_word' id='word_1_117' title='bbox 1961 1159 2082 1202; x_wconf 90' lang='lat' dir='ltr'>nobis</span> <span class='ocrx_word' id='word_1_118' title='bbox 2111 1164 2154 1204; x_wconf 88' lang='lat' dir='ltr'>et</span> 
     </span>
     <span class='ocr_line' id='line_1_11' title="bbox 215 1247 2159 1305; baseline 0.001 -13"><span class='ocrx_word' id='word_1_119' title='bbox 215 1249 440 1292; x_wconf 83' lang='lat' dir='ltr'>heredibus</span> <span class='ocrx_word' id='word_1_120' title='bbox 456 1250 609 1292; x_wconf 90' lang='lat' dir='ltr'>nostris</span> <span class='ocrx_word' id='word_1_121' title='bbox 624 1249 822 1305; x_wconf 74' lang='lat' dir='ltr'>predictis</span> <span class='ocrx_word' id='word_1_122' title='bbox 838 1248 1054 1290; x_wconf 86' lang='lat' dir='ltr'>monachis</span> <span class='ocrx_word' id='word_1_123' title='bbox 1071 1250 1113 1290; x_wconf 88' lang='lat' dir='ltr'>et</span> <span class='ocrx_word' id='word_1_124' title='bbox 1133 1263 1279 1290; x_wconf 87' lang='lat' dir='ltr'>eorum</span> <span class='ocrx_word' id='word_1_125' title='bbox 1295 1247 1598 1291; x_wconf 86' lang='lat' dir='ltr'>successoribus</span> <span class='ocrx_word' id='word_1_126' title='bbox 1619 1249 1884 1292; x_wconf 79' lang='lat' dir='ltr'>concedimus</span> <span class='ocrx_word' id='word_1_127' title='bbox 1904 1250 2159 1294; x_wconf 87' lang='lat' dir='ltr'>innovamus</span> 
     </span>
     <span class='ocr_line' id='line_1_12' title="bbox 215 1340 2151 1398; baseline 0.002 -16"><span class='ocrx_word' id='word_1_128' title='bbox 215 1343 479 1396; x_wconf 84' lang='lat' dir='ltr'>acceptamus</span> <span class='ocrx_word' id='word_1_129' title='bbox 517 1340 772 1382; x_wconf 90' lang='lat' dir='ltr'>ratificamus</span> <span class='ocrx_word' id='word_1_130' title='bbox 804 1342 848 1381; x_wconf 92' lang='lat' dir='ltr'>et</span> <span class='ocrx_word' id='word_1_131' title='bbox 886 1340 1182 1381; x_wconf 86' lang='lat' dir='ltr'>confirmamus</span> <span class='ocrx_word' id='word_1_132' title='bbox 1214 1342 1423 1394; x_wconf 89' lang='lat' dir='ltr'>quantum</span> <span class='ocrx_word' id='word_1_133' title='bbox 1463 1340 1509 1382; x_wconf 90' lang='lat' dir='ltr'>in</span> <span class='ocrx_word' id='word_1_134' title='bbox 1545 1340 1666 1382; x_wconf 89' lang='lat' dir='ltr'>nobis</span> <span class='ocrx_word' id='word_1_135' title='bbox 1701 1344 1764 1383; x_wconf 90' lang='lat' dir='ltr'>est</span> <span class='ocrx_word' id='word_1_136' title='bbox 1795 1342 2109 1398; x_wconf 84' lang='lat' dir='ltr'>imperpetuum</span> <span class='ocrx_word' id='word_1_137' title='bbox 2143 1377 2151 1386; x_wconf 92' lang='lat'><strong>.</strong></span> 
     </span>
     <span class='ocr_line' id='line_1_13' title="bbox 216 1430 2159 1486; baseline 0.002 -13"><span class='ocrx_word' id='word_1_138' title='bbox 216 1431 404 1473; x_wconf 88' lang='lat' dir='ltr'>volentes</span> <span class='ocrx_word' id='word_1_139' title='bbox 424 1435 468 1472; x_wconf 87' lang='lat' dir='ltr'>et</span> <span class='ocrx_word' id='word_1_140' title='bbox 488 1431 762 1473; x_wconf 86' lang='lat' dir='ltr'>concedentes</span> <span class='ocrx_word' id='word_1_141' title='bbox 782 1431 895 1486; x_wconf 88' lang='lat' dir='ltr'>quod</span> <span class='ocrx_word' id='word_1_142' title='bbox 915 1430 994 1472; x_wconf 89' lang='lat' dir='ltr'>iste</span> <span class='ocrx_word' id='word_1_143' title='bbox 1016 1432 1128 1472; x_wconf 91' lang='lat' dir='ltr'>carte</span> <span class='ocrx_word' id='word_1_144' title='bbox 1156 1430 1409 1472; x_wconf 88' lang='lat' dir='ltr'>donaciones</span> <span class='ocrx_word' id='word_1_145' title='bbox 1440 1431 1723 1473; x_wconf 88' lang='lat' dir='ltr'>concessiones</span> <span class='ocrx_word' id='word_1_146' title='bbox 1744 1436 1785 1474; x_wconf 84' lang='lat' dir='ltr'>et</span> <span class='ocrx_word' id='word_1_147' title='bbox 1816 1433 2159 1478; x_wconf 82' lang='lat' dir='ltr'>confirmaciones</span> 
     </span>
     <span class='ocr_line' id='line_1_14' title="bbox 214 1520 2158 1580; baseline 0.003 -18"><span class='ocrx_word' id='word_1_148' title='bbox 214 1520 261 1562; x_wconf 92' lang='lat' dir='ltr'>in</span> <span class='ocrx_word' id='word_1_149' title='bbox 291 1521 486 1563; x_wconf 88' lang='lat' dir='ltr'>omnibus</span> <span class='ocrx_word' id='word_1_150' title='bbox 516 1522 602 1563; x_wconf 87' lang='lat' dir='ltr'>suis</span> <span class='ocrx_word' id='word_1_151' title='bbox 631 1520 897 1563; x_wconf 81' lang='lat' dir='ltr'>libertatibus</span> <span class='ocrx_word' id='word_1_152' title='bbox 930 1520 1106 1563; x_wconf 89' lang='lat' dir='ltr'>firmiter</span> <span class='ocrx_word' id='word_1_153' title='bbox 1133 1523 1177 1563; x_wconf 86' lang='lat' dir='ltr'>et</span> <span class='ocrx_word' id='word_1_154' title='bbox 1207 1521 1513 1564; x_wconf 89' lang='lat' dir='ltr'>inviolabiliter</span> <span class='ocrx_word' id='word_1_155' title='bbox 1539 1522 1814 1565; x_wconf 81' lang='lat' dir='ltr'>observentur</span> <span class='ocrx_word' id='word_1_156' title='bbox 1842 1523 2158 1580; x_wconf 86' lang='lat' dir='ltr'>imperpetuum</span> 
     </span>
     <span class='ocr_line' id='line_1_15' title="bbox 215 1611 2157 1670; baseline 0.003 -17"><span class='ocrx_word' id='word_1_157' title='bbox 215 1612 357 1668; x_wconf 88' lang='lat' dir='ltr'>aliqua</span> <span class='ocrx_word' id='word_1_158' title='bbox 376 1613 688 1667; x_wconf 88' lang='lat' dir='ltr'>interrupcione</span> <span class='ocrx_word' id='word_1_159' title='bbox 709 1627 793 1654; x_wconf 90' lang='lat' dir='ltr'>non</span> <span class='ocrx_word' id='word_1_160' title='bbox 823 1611 1028 1654; x_wconf 86' lang='lat' dir='ltr'>obstante.</span> <span class='ocrx_word' id='word_1_161' title='bbox 1090 1611 1145 1654; x_wconf 88' lang='lat' dir='ltr'>In</span> <span class='ocrx_word' id='word_1_162' title='bbox 1172 1612 1294 1668; x_wconf 82' lang='lat' dir='ltr'>cujus</span> <span class='ocrx_word' id='word_1_163' title='bbox 1313 1612 1376 1654; x_wconf 90' lang='lat' dir='ltr'>rei</span> <span class='ocrx_word' id='word_1_164' title='bbox 1395 1613 1687 1656; x_wconf 88' lang='lat' dir='ltr'>testimonium</span> <span class='ocrx_word' id='word_1_165' title='bbox 1718 1614 1818 1656; x_wconf 88' lang='lat' dir='ltr'>huic</span> <span class='ocrx_word' id='word_1_166' title='bbox 1838 1616 2024 1670; x_wconf 86' lang='lat' dir='ltr'>presenti</span> <span class='ocrx_word' id='word_1_167' title='bbox 2044 1619 2157 1659; x_wconf 82' lang='lat' dir='ltr'>carte</span> 
     </span>
     <span class='ocr_line' id='line_1_16' title="bbox 212 1702 2158 1760; baseline 0.003 -15"><span class='ocrx_word' id='word_1_168' title='bbox 212 1707 354 1745; x_wconf 89' lang='lat' dir='ltr'>nostre</span> <span class='ocrx_word' id='word_1_169' title='bbox 396 1703 585 1758; x_wconf 86' lang='lat' dir='ltr'>sigillum</span> <span class='ocrx_word' id='word_1_170' title='bbox 624 1703 867 1745; x_wconf 83' lang='lat' dir='ltr'>cancellarie</span> <span class='ocrx_word' id='word_1_171' title='bbox 901 1705 1041 1745; x_wconf 88' lang='lat' dir='ltr'>nostre</span> <span class='ocrx_word' id='word_1_172' title='bbox 1082 1704 1135 1744; x_wconf 91' lang='lat' dir='ltr'>de</span> <span class='ocrx_word' id='word_1_173' title='bbox 1175 1702 1405 1745; x_wconf 75' lang='lat' dir='ltr'>KAERDIF&#39;</span> <span class='ocrx_word' id='word_1_174' title='bbox 1439 1705 1640 1746; x_wconf 82' lang='lat' dir='ltr'>duximus</span> <span class='ocrx_word' id='word_1_175' title='bbox 1674 1707 1990 1760; x_wconf 86' lang='lat' dir='ltr'>apponendum.</span> <span class='ocrx_word' id='word_1_176' title='bbox 2053 1707 2158 1750; x_wconf 82' lang='lat' dir='ltr'>Hiis</span> 
     </span>
     <span class='ocr_line' id='line_1_17' title="bbox 211 1793 2154 1848; baseline 0.003 -14"><span class='ocrx_word' id='word_1_177' title='bbox 211 1793 389 1835; x_wconf 84' lang='lat' dir='ltr'>testibus</span> <span class='ocrx_word' id='word_1_178' title='bbox 411 1828 419 1835; x_wconf 91' lang='lat'><strong>.</strong></span> <span class='ocrx_word' id='word_1_179' title='bbox 443 1793 673 1835; x_wconf 85' lang='lat' dir='ltr'>venerabili</span> <span class='ocrx_word' id='word_1_180' title='bbox 694 1796 813 1848; x_wconf 88' lang='lat' dir='ltr'>patre</span> <span class='ocrx_word' id='word_1_181' title='bbox 833 1794 875 1835; x_wconf 87' lang='lat' dir='ltr'>in</span> <span class='ocrx_word' id='word_1_182' title='bbox 901 1793 1097 1836; x_wconf 69' lang='lat' dir='ltr'>Omnsm</span> <span class='ocrx_word' id='word_1_183' title='bbox 1119 1794 1291 1836; x_wconf 89' lang='lat' dir='ltr'>domino</span> <span class='ocrx_word' id='word_1_184' title='bbox 1313 1795 1488 1837; x_wconf 89' lang='lat' dir='ltr'>domino</span> <span class='ocrx_word' id='word_1_185' title='bbox 1509 1794 1539 1837; x_wconf 89' lang='lat' dir='ltr'><strong>J</strong></span> <span class='ocrx_word' id='word_1_186' title='bbox 1541 1809 1728 1837; x_wconf 82' lang='lat' dir='ltr'>OHANNE</span> <span class='ocrx_word' id='word_1_187' title='bbox 1760 1795 1946 1838; x_wconf 78' lang='lat' dir='ltr'>PASCAL&#39;</span> <span class='ocrx_word' id='word_1_188' title='bbox 1970 1797 2154 1840; x_wconf 77' lang='lat' dir='ltr'>LANDA-</span> 
     </span>
     <span class='ocr_line' id='line_1_18' title="bbox 210 1884 2156 1942; baseline 0.003 -17"><span class='ocrx_word' id='word_1_189' title='bbox 210 1898 361 1926; x_wconf 80' lang='lat' dir='ltr'>VENSIs</span> <span class='ocrx_word' id='word_1_190' title='bbox 383 1884 549 1926; x_wconf 86' lang='lat' dir='ltr'>ecclesie</span> <span class='ocrx_word' id='word_1_191' title='bbox 570 1884 762 1940; x_wconf 90' lang='lat' dir='ltr'>episcopo</span> <span class='ocrx_word' id='word_1_192' title='bbox 785 1919 793 1926; x_wconf 92' lang='lat'><strong>.</strong></span> <span class='ocrx_word' id='word_1_193' title='bbox 818 1885 989 1927; x_wconf 86' lang='lat' dir='ltr'>domino</span> <span class='ocrx_word' id='word_1_194' title='bbox 1025 1884 1054 1927; x_wconf 89' lang='lat' dir='ltr'><strong>J</strong></span> <span class='ocrx_word' id='word_1_195' title='bbox 1056 1900 1244 1927; x_wconf 81' lang='lat' dir='ltr'>OHANNE</span> <span class='ocrx_word' id='word_1_196' title='bbox 1266 1887 1318 1927; x_wconf 92' lang='lat' dir='ltr'>de</span> <span class='ocrx_word' id='word_1_197' title='bbox 1341 1885 1583 1928; x_wconf 81' lang='lat' dir='ltr'>COVENTRE</span> <span class='ocrx_word' id='word_1_198' title='bbox 1620 1889 1723 1929; x_wconf 86' lang='lat' dir='ltr'>tunc</span> <span class='ocrx_word' id='word_1_199' title='bbox 1759 1887 1948 1942; x_wconf 88' lang='lat' dir='ltr'>ejusdem</span> <span class='ocrx_word' id='word_1_200' title='bbox 1982 1889 2156 1931; x_wconf 87' lang='lat' dir='ltr'>ecclesie</span> 
     </span>
     <span class='ocr_line' id='line_1_19' title="bbox 211 1974 2153 2022; baseline 0.003 -6"><span class='ocrx_word' id='word_1_201' title='bbox 211 1975 503 2017; x_wconf 83' lang='lat' dir='ltr'>archidiacono</span> <span class='ocrx_word' id='word_1_202' title='bbox 526 2009 534 2017; x_wconf 93' lang='lat'><strong><em>.</em></strong></span> <span class='ocrx_word' id='word_1_203' title='bbox 557 1975 729 2018; x_wconf 89' lang='lat' dir='ltr'>domino</span> <span class='ocrx_word' id='word_1_204' title='bbox 751 1974 982 2018; x_wconf 79' lang='lat' dir='ltr'><strong>GILBERTO</strong></span> <span class='ocrx_word' id='word_1_205' title='bbox 1004 1977 1055 2018; x_wconf 90' lang='lat' dir='ltr'>de</span> <span class='ocrx_word' id='word_1_206' title='bbox 1084 1976 1350 2018; x_wconf 81' lang='lat' dir='ltr'><strong>ELLESFELD</strong></span> <span class='ocrx_word' id='word_1_207' title='bbox 1383 1980 1485 2019; x_wconf 85' lang='lat' dir='ltr'>tunc</span> <span class='ocrx_word' id='word_1_208' title='bbox 1506 1977 1748 2020; x_wconf 85' lang='lat' dir='ltr'>vicecomite</span> <span class='ocrx_word' id='word_1_209' title='bbox 1769 1982 1912 2021; x_wconf 83' lang='lat' dir='ltr'>nostro</span> <span class='ocrx_word' id='word_1_210' title='bbox 1942 1979 2153 2022; x_wconf 69' lang='lat' dir='ltr'><strong>GLAMOR-</strong></span> 
     </span>
     <span class='ocr_line' id='line_1_20' title="bbox 212 2066 2155 2114; baseline 0.003 -6"><span class='ocrx_word' id='word_1_211' title='bbox 212 2081 375 2109; x_wconf 74' lang='lat' dir='ltr'>GANcm</span> <span class='ocrx_word' id='word_1_212' title='bbox 418 2101 427 2109; x_wconf 87' lang='lat'><strong>.</strong></span> <span class='ocrx_word' id='word_1_213' title='bbox 470 2067 640 2109; x_wconf 84' lang='lat' dir='ltr'>domino</span> <span class='ocrx_word' id='word_1_214' title='bbox 681 2066 885 2109; x_wconf 69' lang='lat' dir='ltr'>RmARno</span> <span class='ocrx_word' id='word_1_215' title='bbox 926 2069 978 2109; x_wconf 86' lang='lat' dir='ltr'>de</span> <span class='ocrx_word' id='word_1_216' title='bbox 1024 2067 1350 2110; x_wconf 80' lang='lat' dir='ltr'><strong>TURBERVILLE</strong></span> <span class='ocrx_word' id='word_1_217' title='bbox 1394 2103 1402 2111; x_wconf 92' lang='lat'><strong>.</strong></span> <span class='ocrx_word' id='word_1_218' title='bbox 1447 2069 1618 2111; x_wconf 90' lang='lat' dir='ltr'>domino</span> <span class='ocrx_word' id='word_1_219' title='bbox 1660 2069 1865 2112; x_wconf 78' lang='lat' dir='ltr'><strong>OLIVERO</strong></span> <span class='ocrx_word' id='word_1_220' title='bbox 1906 2072 1958 2113; x_wconf 91' lang='lat' dir='ltr'>de</span> <span class='ocrx_word' id='word_1_221' title='bbox 1999 2070 2155 2114; x_wconf 81' lang='lat' dir='ltr'>Sancto</span> 
     </span>
     <span class='ocr_line' id='line_1_21' title="bbox 210 2157 2152 2206; baseline 0.003 -6"><span class='ocrx_word' id='word_1_222' title='bbox 210 2157 428 2201; x_wconf 76' lang='lat' dir='ltr'><strong>JOHANNE</strong></span> <span class='ocrx_word' id='word_1_223' title='bbox 461 2192 469 2200; x_wconf 91' lang='lat'><strong>.</strong></span> <span class='ocrx_word' id='word_1_224' title='bbox 499 2158 671 2201; x_wconf 89' lang='lat' dir='ltr'>domino</span> <span class='ocrx_word' id='word_1_225' title='bbox 701 2157 730 2200; x_wconf 86' lang='lat' dir='ltr'><strong>J</strong></span> <span class='ocrx_word' id='word_1_226' title='bbox 733 2172 918 2200; x_wconf 81' lang='lat' dir='ltr'>OHANNE</span> <span class='ocrx_word' id='word_1_227' title='bbox 948 2159 988 2200; x_wconf 88' lang='lat' dir='ltr'>le</span> <span class='ocrx_word' id='word_1_228' title='bbox 1020 2159 1224 2202; x_wconf 81' lang='lat' dir='ltr'><strong>NORREIS</strong></span> <span class='ocrx_word' id='word_1_229' title='bbox 1257 2193 1266 2202; x_wconf 90' lang='lat'><strong>.</strong></span> <span class='ocrx_word' id='word_1_230' title='bbox 1299 2160 1470 2203; x_wconf 84' lang='lat' dir='ltr'>domino</span> <span class='ocrx_word' id='word_1_231' title='bbox 1501 2160 1736 2203; x_wconf 84' lang='lat' dir='ltr'>EDWARDO</span> <span class='ocrx_word' id='word_1_232' title='bbox 1766 2163 1818 2204; x_wconf 89' lang='lat' dir='ltr'>de</span> <span class='ocrx_word' id='word_1_233' title='bbox 1849 2161 2152 2206; x_wconf 79' lang='lat' dir='ltr'>STRADELING&#39;</span> 
     </span>
     <span class='ocr_line' id='line_1_22' title="bbox 209 2248 2154 2296; baseline 0.003 -5"><span class='ocrx_word' id='word_1_234' title='bbox 209 2248 417 2292; x_wconf 83' lang='lat' dir='ltr'>militibus</span> <span class='ocrx_word' id='word_1_235' title='bbox 440 2282 448 2291; x_wconf 94' lang='lat'><strong>.</strong></span> <span class='ocrx_word' id='word_1_236' title='bbox 472 2248 728 2291; x_wconf 76' lang='lat' dir='ltr'>WILLELMO</span> <span class='ocrx_word' id='word_1_237' title='bbox 757 2249 1034 2292; x_wconf 54' lang='lat' dir='ltr'>FLEMMYN&amp;</span> <span class='ocrx_word' id='word_1_238' title='bbox 1059 2285 1066 2293; x_wconf 95' lang='lat'>.</span> <span class='ocrx_word' id='word_1_239' title='bbox 1091 2250 1305 2293; x_wconf 83' lang='lat' dir='ltr'>HENRICO</span> <span class='ocrx_word' id='word_1_240' title='bbox 1327 2252 1378 2294; x_wconf 93' lang='lat' dir='ltr'>de</span> <span class='ocrx_word' id='word_1_241' title='bbox 1400 2251 1650 2293; x_wconf 82' lang='lat' dir='ltr'><strong>LANDEFEY</strong></span> <span class='ocrx_word' id='word_1_242' title='bbox 1674 2285 1682 2294; x_wconf 88' lang='lat'><strong>.</strong></span> <span class='ocrx_word' id='word_1_243' title='bbox 1707 2251 1968 2295; x_wconf 77' lang='lat' dir='ltr'><strong>WILLELMO</strong></span> <span class='ocrx_word' id='word_1_244' title='bbox 1998 2253 2154 2296; x_wconf 73' lang='lat' dir='ltr'>DEst</span> 
     </span>
     <span class='ocr_line' id='line_1_23' title="bbox 211 2340 378 2382; baseline -0.006 0"><span class='ocrx_word' id='word_1_245' title='bbox 211 2342 253 2382; x_wconf 90' lang='lat' dir='ltr'>et</span> <span class='ocrx_word' id='word_1_246' title='bbox 274 2340 378 2382; x_wconf 89' lang='lat' dir='ltr'>aliis.</span> 
     </span>
    </p>

    <p class='ocr_par' dir='ltr' id='par_1_6' title="bbox 207 2430 2151 2576">
     <span class='ocr_line' id='line_1_24' title="bbox 265 2430 2151 2492; baseline 0.004 -21"><span class='ocrx_word' id='word_1_247' title='bbox 265 2430 430 2473; x_wconf 83' lang='lat' dir='ltr'>Datum</span> <span class='ocrx_word' id='word_1_248' title='bbox 457 2431 572 2486; x_wconf 89' lang='lat' dir='ltr'>apud</span> <span class='ocrx_word' id='word_1_249' title='bbox 603 2430 829 2473; x_wconf 78' lang='lat' dir='ltr'><strong>KAERDIF’</strong></span> <span class='ocrx_word' id='word_1_250' title='bbox 852 2447 950 2474; x_wconf 83' lang='lat' dir='ltr'><strong>XIII.</strong></span> <span class='ocrx_word' id='word_1_251' title='bbox 975 2433 1043 2475; x_wconf 91' lang='lat' dir='ltr'>die</span> <span class='ocrx_word' id='word_1_252' title='bbox 1063 2433 1092 2475; x_wconf 85' lang='lat' dir='ltr'><strong>J</strong></span> <span class='ocrx_word' id='word_1_253' title='bbox 1095 2433 1172 2475; x_wconf 92' lang='lat' dir='ltr'>ulii</span> <span class='ocrx_word' id='word_1_254' title='bbox 1201 2449 1313 2476; x_wconf 89' lang='lat' dir='ltr'>anno</span> <span class='ocrx_word' id='word_1_255' title='bbox 1334 2433 1456 2490; x_wconf 85' lang='lat' dir='ltr'>regni</span> <span class='ocrx_word' id='word_1_256' title='bbox 1482 2433 1617 2490; x_wconf 82' lang='lat' dir='ltr'>Regis</span> <span class='ocrx_word' id='word_1_257' title='bbox 1643 2434 1889 2477; x_wconf 75' lang='lat' dir='ltr'>EDWARDII</span> <span class='ocrx_word' id='word_1_258' title='bbox 1917 2435 2036 2477; x_wconf 89' lang='lat' dir='ltr'>tercii</span> <span class='ocrx_word' id='word_1_259' title='bbox 2056 2439 2151 2492; x_wconf 90' lang='lat' dir='ltr'>post</span> 
     </span>
     <span class='ocr_line' id='line_1_25' title="bbox 207 2522 927 2576; baseline 0.003 -13"><span class='ocrx_word' id='word_1_260' title='bbox 207 2524 482 2576; x_wconf 84' lang='lat' dir='ltr'>conquestum</span> <span class='ocrx_word' id='word_1_261' title='bbox 505 2522 712 2564; x_wconf 88' lang='lat' dir='ltr'>tricesimo</span> <span class='ocrx_word' id='word_1_262' title='bbox 734 2524 927 2565; x_wconf 90' lang='lat' dir='ltr'>secundo.</span> 
     </span>
    </p>

    <p class='ocr_par' dir='ltr' id='par_1_7' title="bbox 203 2612 2150 2759">
     <span class='ocr_line' id='line_1_26' title="bbox 264 2612 2150 2671; baseline 0.003 -17"><span class='ocrx_word' id='word_1_263' title='bbox 264 2612 368 2654; x_wconf 84' lang='lat' dir='ltr'>This</span> <span class='ocrx_word' id='word_1_264' title='bbox 397 2613 480 2655; x_wconf 87' lang='lat' dir='ltr'>last</span> <span class='ocrx_word' id='word_1_265' title='bbox 508 2628 593 2654; x_wconf 86' lang='lat' dir='ltr'>was</span> <span class='ocrx_word' id='word_1_266' title='bbox 623 2613 820 2656; x_wconf 87' lang='lat' dir='ltr'>attached</span> <span class='ocrx_word' id='word_1_267' title='bbox 850 2617 894 2656; x_wconf 89' lang='lat' dir='ltr'>to</span> <span class='ocrx_word' id='word_1_268' title='bbox 925 2629 1172 2658; x_wconf 69' lang='lat' dir='ltr'>Dccccmnx.</span> <span class='ocrx_word' id='word_1_269' title='bbox 1205 2615 1265 2671; x_wconf 83' lang='lat' dir='ltr'>by</span> <span class='ocrx_word' id='word_1_270' title='bbox 1295 2631 1321 2657; x_wconf 85' lang='lat' dir='ltr'>a</span> <span class='ocrx_word' id='word_1_271' title='bbox 1351 2615 1601 2671; x_wconf 88' lang='lat' dir='ltr'>parchment</span> <span class='ocrx_word' id='word_1_272' title='bbox 1630 2615 1754 2668; x_wconf 89' lang='lat' dir='ltr'>label,</span> <span class='ocrx_word' id='word_1_273' title='bbox 1787 2616 1925 2658; x_wconf 90' lang='lat' dir='ltr'>which</span> <span class='ocrx_word' id='word_1_274' title='bbox 1955 2617 2054 2659; x_wconf 90' lang='lat' dir='ltr'>does</span> <span class='ocrx_word' id='word_1_275' title='bbox 2074 2620 2150 2661; x_wconf 86' lang='lat' dir='ltr'>not</span> 
     </span>
     <span class='ocr_line' id='line_1_27' title="bbox 203 2703 2030 2759; baseline 0.003 -14"><span class='ocrx_word' id='word_1_276' title='bbox 203 2718 358 2759; x_wconf 85' lang='lat' dir='ltr'>appear</span> <span class='ocrx_word' id='word_1_277' title='bbox 379 2719 476 2746; x_wconf 88' lang='lat' dir='ltr'>ever</span> <span class='ocrx_word' id='word_1_278' title='bbox 495 2707 538 2746; x_wconf 94' lang='lat' dir='ltr'>to</span> <span class='ocrx_word' id='word_1_279' title='bbox 559 2703 666 2745; x_wconf 88' lang='lat' dir='ltr'>have</span> <span class='ocrx_word' id='word_1_280' title='bbox 688 2705 848 2747; x_wconf 86' lang='lat' dir='ltr'>carried</span> <span class='ocrx_word' id='word_1_281' title='bbox 869 2721 893 2747; x_wconf 86' lang='lat' dir='ltr'>a</span> <span class='ocrx_word' id='word_1_282' title='bbox 914 2706 1011 2748; x_wconf 88' lang='lat' dir='ltr'>seal.</span> <span class='ocrx_word' id='word_1_283' title='bbox 1074 2706 1119 2749; x_wconf 87' lang='lat' dir='ltr'>It</span> <span class='ocrx_word' id='word_1_284' title='bbox 1140 2722 1225 2749; x_wconf 87' lang='lat' dir='ltr'>was</span> <span class='ocrx_word' id='word_1_285' title='bbox 1246 2707 1522 2750; x_wconf 86' lang='lat' dir='ltr'>endorsed—‘</span> <span class='ocrx_word' id='word_1_286' title='bbox 1539 2707 1671 2749; x_wconf 89' lang='lat' dir='ltr'>Anno</span> <span class='ocrx_word' id='word_1_287' title='bbox 1694 2709 1748 2749; x_wconf 82' lang='lat'>32</span> <span class='ocrx_word' id='word_1_288' title='bbox 1770 2707 1898 2750; x_wconf 80' lang='lat' dir='ltr'>Enw.</span> <span class='ocrx_word' id='word_1_289' title='bbox 1923 2707 2030 2750; x_wconf 86' lang='lat' dir='ltr'><strong>III.’</strong></span> 
     </span>
    </p>

    <p class='ocr_par' dir='ltr' id='par_1_8' title="bbox 201 2793 2149 3036">
     <span class='ocr_line' id='line_1_28' title="bbox 258 2793 2145 2853; baseline 0.003 -18"><span class='ocrx_word' id='word_1_290' title='bbox 258 2794 552 2836; x_wconf 85' lang='lat' dir='ltr'>Endorsed—‘</span> <span class='ocrx_word' id='word_1_291' title='bbox 571 2793 845 2837; x_wconf 85' lang='lat' dir='ltr'>Confirmatio</span> <span class='ocrx_word' id='word_1_292' title='bbox 877 2795 1082 2839; x_wconf 83' lang='lat' dir='ltr'>Edwardi</span> <span class='ocrx_word' id='word_1_293' title='bbox 1109 2798 1148 2840; x_wconf 94' lang='lat' dir='ltr'>le</span> <span class='ocrx_word' id='word_1_294' title='bbox 1179 2797 1445 2853; x_wconf 88' lang='lat' dir='ltr'>Despenser.&#39;</span> <span class='ocrx_word' id='word_1_295' title='bbox 1506 2797 1611 2839; x_wconf 91' lang='lat' dir='ltr'>And</span> <span class='ocrx_word' id='word_1_296' title='bbox 1641 2798 1687 2839; x_wconf 91' lang='lat' dir='ltr'>in</span> <span class='ocrx_word' id='word_1_297' title='bbox 1718 2813 1744 2840; x_wconf 88' lang='lat' dir='ltr'>a</span> <span class='ocrx_word' id='word_1_298' title='bbox 1771 2799 1880 2841; x_wconf 87' lang='lat' dir='ltr'>later</span> <span class='ocrx_word' id='word_1_299' title='bbox 1909 2798 2145 2843; x_wconf 83' lang='lat' dir='ltr'>hand—‘of</span> 
     </span>
     <span class='ocr_line' id='line_1_29' title="bbox 202 2884 2149 2945; baseline 0.004 -19"><span class='ocrx_word' id='word_1_300' title='bbox 202 2887 323 2939; x_wconf 85' lang='lat' dir='ltr'>great</span> <span class='ocrx_word' id='word_1_301' title='bbox 343 2884 667 2927; x_wconf 88' lang='lat' dir='ltr'>concernment.&#39;</span> <span class='ocrx_word' id='word_1_302' title='bbox 727 2885 831 2928; x_wconf 91' lang='lat' dir='ltr'>And</span> <span class='ocrx_word' id='word_1_303' title='bbox 853 2887 941 2928; x_wconf 89' lang='lat' dir='ltr'>still</span> <span class='ocrx_word' id='word_1_304' title='bbox 960 2888 1139 2930; x_wconf 74' lang='lat' dir='ltr'>later—⁶</span> <span class='ocrx_word' id='word_1_305' title='bbox 1158 2888 1465 2931; x_wconf 84' lang='lat' dir='ltr'>Confirmation</span> <span class='ocrx_word' id='word_1_306' title='bbox 1487 2888 1531 2930; x_wconf 82' lang='lat' dir='ltr'>of</span> <span class='ocrx_word' id='word_1_307' title='bbox 1560 2888 1634 2931; x_wconf 92' lang='lat' dir='ltr'>the</span> <span class='ocrx_word' id='word_1_308' title='bbox 1660 2888 1839 2931; x_wconf 85' lang='lat' dir='ltr'>Charter</span> <span class='ocrx_word' id='word_1_309' title='bbox 1859 2889 1904 2931; x_wconf 80' lang='lat' dir='ltr'>of</span> <span class='ocrx_word' id='word_1_310' title='bbox 1935 2889 2076 2945; x_wconf 87' lang='lat' dir='ltr'>Hugh</span> <span class='ocrx_word' id='word_1_311' title='bbox 2096 2890 2149 2933; x_wconf 87' lang='lat' dir='ltr'>de</span> 
     </span>
     <span class='ocr_line' id='line_1_30' title="bbox 201 2974 2061 3036; baseline 0.004 -20"><span class='ocrx_word' id='word_1_312' title='bbox 201 2974 243 3017; x_wconf 87' lang='lat' dir='ltr'>la</span> <span class='ocrx_word' id='word_1_313' title='bbox 264 2974 445 3030; x_wconf 82' lang='lat' dir='ltr'>Spenser</span> <span class='ocrx_word' id='word_1_314' title='bbox 465 2979 508 3018; x_wconf 94' lang='lat' dir='ltr'>to</span> <span class='ocrx_word' id='word_1_315' title='bbox 530 2975 603 3018; x_wconf 89' lang='lat' dir='ltr'>the</span> <span class='ocrx_word' id='word_1_316' title='bbox 625 2975 781 3032; x_wconf 85' lang='lat' dir='ltr'>Abbey</span> <span class='ocrx_word' id='word_1_317' title='bbox 803 2977 848 3020; x_wconf 79' lang='lat' dir='ltr'>of</span> <span class='ocrx_word' id='word_1_318' title='bbox 868 2978 1069 3035; x_wconf 86' lang='lat' dir='ltr'>Margam</span> <span class='ocrx_word' id='word_1_319' title='bbox 1089 2979 1147 3034; x_wconf 91' lang='lat' dir='ltr'>by</span> <span class='ocrx_word' id='word_1_320' title='bbox 1169 2979 1359 3022; x_wconf 84' lang='lat' dir='ltr'>Edward</span> <span class='ocrx_word' id='word_1_321' title='bbox 1380 2980 1433 3022; x_wconf 89' lang='lat' dir='ltr'>de</span> <span class='ocrx_word' id='word_1_322' title='bbox 1454 2979 1496 3021; x_wconf 90' lang='lat' dir='ltr'>la</span> <span class='ocrx_word' id='word_1_323' title='bbox 1516 2979 1700 3035; x_wconf 84' lang='lat' dir='ltr'>Spensar</span> <span class='ocrx_word' id='word_1_324' title='bbox 1718 2980 1728 2998; x_wconf 95' lang='lat'>&#39;</span> <span class='ocrx_word' id='word_1_325' title='bbox 1756 2979 2061 3036; x_wconf 84' lang='lat' dir='ltr'>(obliterated).</span> 
     </span>
    </p>
   </div>
  </div>
 </body>
</html>
