<?xml version="1.0" encoding="UTF-8"?>
<!DOCTYPE html PUBLIC "-//W3C//DTD XHTML 1.0 Transitional//EN"
    "http://www.w3.org/TR/xhtml1/DTD/xhtml1-transitional.dtd">
<html xmlns="http://www.w3.org/1999/xhtml" xml:lang="en" lang="en">
 <head>
  <title>
</title>
<meta http-equiv="Content-Type" content="text/html;charset=utf-8" />
  <meta name='ocr-system' content='tesseract 3.04.00' />
  <meta name='ocr-capabilities' content='ocr_page ocr_carea ocr_par ocr_line ocrx_word'/>
</head>
<body>
  <div class='ocr_page' id='page_1' title='image "./cartaeetaliamuni04claruoft_0038.png"; bbox 0 0 2386 3645; ppageno 0'>
   <div class='ocr_carea' id='block_1_1' title="bbox 322 302 433 343">
    <p class='ocr_par' dir='ltr' id='par_1_1' title="bbox 322 302 433 343">
     <span class='ocr_line' id='line_1_1' title="bbox 322 302 433 343; baseline -0.018 0"><span class='ocrx_word' id='word_1_1' title='bbox 322 302 433 343; x_wconf 77' lang='grc'>1196</span> 
     </span>
    </p>
   </div>
   <div class='ocr_carea' id='block_1_2' title="bbox 260 500 2211 2105">
    <p class='ocr_par' dir='ltr' id='par_1_2' title="bbox 260 500 2209 1833">
     <span class='ocr_line' id='line_1_2' title="bbox 263 500 2202 560; baseline -0.003 -11"><span class='ocrx_word' id='word_1_2' title='bbox 263 507 428 550; x_wconf 81' lang='lat' dir='ltr'>seisitus</span> <span class='ocrx_word' id='word_1_3' title='bbox 467 510 529 548; x_wconf 84' lang='lat' dir='ltr'>est</span> <span class='ocrx_word' id='word_1_4' title='bbox 569 507 621 548; x_wconf 85' lang='lat' dir='ltr'>de</span> <span class='ocrx_word' id='word_1_5' title='bbox 661 506 848 547; x_wconf 86' lang='lat' dir='ltr'>manerio</span> <span class='ocrx_word' id='word_1_6' title='bbox 887 504 1074 560; x_wconf 85' lang='lat' dir='ltr'>predicto</span> <span class='ocrx_word' id='word_1_7' title='bbox 1115 507 1163 544; x_wconf 89' lang='lat' dir='ltr'>ut</span> <span class='ocrx_word' id='word_1_8' title='bbox 1203 503 1255 543; x_wconf 86' lang='lat' dir='ltr'>dc</span> <span class='ocrx_word' id='word_1_9' title='bbox 1295 502 1390 557; x_wconf 81' lang='lat' dir='ltr'>jure</span> <span class='ocrx_word' id='word_1_10' title='bbox 1436 515 1511 542; x_wconf 81' lang='lat' dir='ltr'>suo</span> <span class='ocrx_word' id='word_1_11' title='bbox 1551 504 1592 542; x_wconf 73' lang='lat' dir='ltr'>et</span> <span class='ocrx_word' id='word_1_12' title='bbox 1633 500 1866 543; x_wconf 82' lang='lat' dir='ltr'>hereditate</span> <span class='ocrx_word' id='word_1_13' title='bbox 1906 516 1981 557; x_wconf 88' lang='lat' dir='ltr'>per</span> <span class='ocrx_word' id='word_1_14' title='bbox 2020 502 2202 544; x_wconf 83' lang='lat' dir='ltr'>formam</span> 
     </span>
     <span class='ocr_line' id='line_1_3' title="bbox 265 591 2203 652; baseline -0.002 -12"><span class='ocrx_word' id='word_1_15' title='bbox 265 598 505 640; x_wconf 82' lang='lat' dir='ltr'>donationis</span> <span class='ocrx_word' id='word_1_16' title='bbox 534 597 579 638; x_wconf 89' lang='lat' dir='ltr'>in</span> <span class='ocrx_word' id='word_1_17' title='bbox 610 597 808 652; x_wconf 78' lang='lat' dir='ltr'>predictis</span> <span class='ocrx_word' id='word_1_18' title='bbox 831 596 1000 637; x_wconf 89' lang='lat' dir='ltr'>recordo</span> <span class='ocrx_word' id='word_1_19' title='bbox 1032 597 1074 636; x_wconf 91' lang='lat' dir='ltr'>et</span> <span class='ocrx_word' id='word_1_20' title='bbox 1102 608 1291 648; x_wconf 85' lang='lat' dir='ltr'>processu</span> <span class='ocrx_word' id='word_1_21' title='bbox 1319 594 1564 634; x_wconf 76' lang='lat' dir='ltr'>contentam</span> <span class='ocrx_word' id='word_1_22' title='bbox 1587 624 1596 633; x_wconf 90' lang='lat'><strong>.</strong></span> <span class='ocrx_word' id='word_1_23' title='bbox 1619 595 1661 633; x_wconf 88' lang='lat' dir='ltr'>et</span> <span class='ocrx_word' id='word_1_24' title='bbox 1688 591 1764 634; x_wconf 85' lang='lat' dir='ltr'>hec</span> <span class='ocrx_word' id='word_1_25' title='bbox 1794 593 1863 634; x_wconf 87' lang='lat' dir='ltr'>via</span> <span class='ocrx_word' id='word_1_26' title='bbox 1890 592 1998 649; x_wconf 85' lang='lat' dir='ltr'>juris</span> <span class='ocrx_word' id='word_1_27' title='bbox 2025 596 2068 635; x_wconf 93' lang='lat' dir='ltr'>et</span> <span class='ocrx_word' id='word_1_28' title='bbox 2094 593 2203 650; x_wconf 85' lang='lat' dir='ltr'>legis</span> 
     </span>
     <span class='ocr_line' id='line_1_4' title="bbox 265 682 2202 744; baseline -0.003 -14"><span class='ocrx_word' id='word_1_29' title='bbox 265 688 419 744; x_wconf 89' lang='lat' dir='ltr'>quibus</span> <span class='ocrx_word' id='word_1_30' title='bbox 446 687 608 730; x_wconf 88' lang='lat' dir='ltr'>utimur</span> <span class='ocrx_word' id='word_1_31' title='bbox 636 687 682 728; x_wconf 94' lang='lat' dir='ltr'>in</span> <span class='ocrx_word' id='word_1_32' title='bbox 706 690 819 728; x_wconf 83' lang='lat' dir='ltr'>terra</span> <span class='ocrx_word' id='word_1_33' title='bbox 847 688 990 727; x_wconf 84' lang='lat' dir='ltr'>nostra</span> <span class='ocrx_word' id='word_1_34' title='bbox 1019 684 1207 740; x_wconf 86' lang='lat' dir='ltr'>predicta</span> <span class='ocrx_word' id='word_1_35' title='bbox 1237 716 1245 724; x_wconf 91' lang='lat'>.</span> <span class='ocrx_word' id='word_1_36' title='bbox 1275 682 1367 724; x_wconf 90' lang='lat' dir='ltr'>Nos</span> <span class='ocrx_word' id='word_1_37' title='bbox 1391 682 1660 723; x_wconf 87' lang='lat' dir='ltr'>intendentes</span> <span class='ocrx_word' id='word_1_38' title='bbox 1686 682 1896 737; x_wconf 79' lang='lat' dir='ltr'>juratores</span> <span class='ocrx_word' id='word_1_39' title='bbox 1925 684 2112 738; x_wconf 84' lang='lat' dir='ltr'>predicte</span> <span class='ocrx_word' id='word_1_40' title='bbox 2138 683 2202 725; x_wconf 90' lang='lat' dir='ltr'>in-</span> 
     </span>
     <span class='ocr_line' id='line_1_5' title="bbox 266 772 2204 835; baseline -0.003 -14"><span class='ocrx_word' id='word_1_41' title='bbox 266 778 508 835; x_wconf 85' lang='lat' dir='ltr'>quisicionis</span> <span class='ocrx_word' id='word_1_42' title='bbox 524 778 569 820; x_wconf 88' lang='lat' dir='ltr'>in</span> <span class='ocrx_word' id='word_1_43' title='bbox 585 777 796 833; x_wconf 74' lang='lat' dir='ltr'>premissis</span> <span class='ocrx_word' id='word_1_44' title='bbox 812 791 958 818; x_wconf 88' lang='lat' dir='ltr'>verum</span> <span class='ocrx_word' id='word_1_45' title='bbox 973 775 1119 816; x_wconf 83' lang='lat' dir='ltr'>fecisse</span> <span class='ocrx_word' id='word_1_46' title='bbox 1133 775 1443 815; x_wconf 85' lang='lat' dir='ltr'>sacramentum</span> <span class='ocrx_word' id='word_1_47' title='bbox 1459 772 1647 827; x_wconf 85' lang='lat' dir='ltr'>predicta</span> <span class='ocrx_word' id='word_1_48' title='bbox 1664 773 1922 815; x_wconf 74' lang='lat' dir='ltr'>ver-edictum</span> <span class='ocrx_word' id='word_1_49' title='bbox 1937 777 1980 815; x_wconf 88' lang='lat' dir='ltr'>et</span> <span class='ocrx_word' id='word_1_50' title='bbox 1994 773 2204 830; x_wconf 87' lang='lat' dir='ltr'>judicium</span> 
     </span>
     <span class='ocr_line' id='line_1_6' title="bbox 264 862 2204 923; baseline -0.004 -11"><span class='ocrx_word' id='word_1_51' title='bbox 264 870 521 912; x_wconf 86' lang='lat' dir='ltr'>ratificamus</span> <span class='ocrx_word' id='word_1_52' title='bbox 541 872 804 923; x_wconf 79' lang='lat' dir='ltr'>acceptamus</span> <span class='ocrx_word' id='word_1_53' title='bbox 825 865 1105 921; x_wconf 82' lang='lat' dir='ltr'>approbamus</span> <span class='ocrx_word' id='word_1_54' title='bbox 1126 866 1168 905; x_wconf 88' lang='lat' dir='ltr'>et</span> <span class='ocrx_word' id='word_1_55' title='bbox 1189 863 1486 905; x_wconf 86' lang='lat' dir='ltr'>confirmamus</span> <span class='ocrx_word' id='word_1_56' title='bbox 1506 877 1580 918; x_wconf 90' lang='lat' dir='ltr'>pro</span> <span class='ocrx_word' id='word_1_57' title='bbox 1602 862 1723 904; x_wconf 88' lang='lat' dir='ltr'>nobis</span> <span class='ocrx_word' id='word_1_58' title='bbox 1743 867 1786 905; x_wconf 86' lang='lat' dir='ltr'>et</span> <span class='ocrx_word' id='word_1_59' title='bbox 1805 862 2030 905; x_wconf 84' lang='lat' dir='ltr'>heredibus</span> <span class='ocrx_word' id='word_1_60' title='bbox 2049 864 2204 905; x_wconf 84' lang='lat' dir='ltr'>nostris</span> 
     </span>
     <span class='ocr_line' id='line_1_7' title="bbox 265 952 2204 1016; baseline -0.004 -12"><span class='ocrx_word' id='word_1_61' title='bbox 265 964 309 1004; x_wconf 88' lang='lat' dir='ltr'>et</span> <span class='ocrx_word' id='word_1_62' title='bbox 340 960 565 1016; x_wconf 83' lang='lat' dir='ltr'>assignatis</span> <span class='ocrx_word' id='word_1_63' title='bbox 595 960 918 1013; x_wconf 81' lang='lat' dir='ltr'>imperpetuum.</span> <span class='ocrx_word' id='word_1_64' title='bbox 980 955 1052 997; x_wconf 85' lang='lat' dir='ltr'>Ita</span> <span class='ocrx_word' id='word_1_65' title='bbox 1083 954 1196 1009; x_wconf 85' lang='lat' dir='ltr'>quod</span> <span class='ocrx_word' id='word_1_66' title='bbox 1226 953 1440 1009; x_wconf 87' lang='lat' dir='ltr'>predictus</span> <span class='ocrx_word' id='word_1_67' title='bbox 1473 952 1730 996; x_wconf 82' lang='lat' dir='ltr'>GILBERTUS</span> <span class='ocrx_word' id='word_1_68' title='bbox 1761 956 1803 995; x_wconf 86' lang='lat' dir='ltr'>et</span> <span class='ocrx_word' id='word_1_69' title='bbox 1831 953 2005 996; x_wconf 83' lang='lat' dir='ltr'>heredes</span> <span class='ocrx_word' id='word_1_70' title='bbox 2035 954 2100 996; x_wconf 89' lang='lat' dir='ltr'>sui</span> <span class='ocrx_word' id='word_1_71' title='bbox 2130 970 2204 997; x_wconf 86' lang='lat' dir='ltr'>seu</span> 
     </span>
     <span class='ocr_line' id='line_1_8' title="bbox 266 1043 2206 1107; baseline -0.003 -14"><span class='ocrx_word' id='word_1_72' title='bbox 266 1050 471 1107; x_wconf 84' lang='lat' dir='ltr'>assignati</span> <span class='ocrx_word' id='word_1_73' title='bbox 492 1049 680 1105; x_wconf 86' lang='lat' dir='ltr'>predicto</span> <span class='ocrx_word' id='word_1_74' title='bbox 701 1047 889 1089; x_wconf 88' lang='lat' dir='ltr'>manerio</span> <span class='ocrx_word' id='word_1_75' title='bbox 922 1045 1062 1102; x_wconf 90' lang='lat' dir='ltr'>[nullo</span> <span class='ocrx_word' id='word_1_76' title='bbox 1083 1043 1230 1100; x_wconf 90' lang='lat' dir='ltr'>modo]</span> <span class='ocrx_word' id='word_1_77' title='bbox 1265 1044 1584 1099; x_wconf 82' lang='lat' dir='ltr'>implacitentur</span> <span class='ocrx_word' id='word_1_78' title='bbox 1613 1044 1890 1086; x_wconf 87' lang='lat' dir='ltr'>molestentur</span> <span class='ocrx_word' id='word_1_79' title='bbox 1918 1045 1964 1086; x_wconf 89' lang='lat' dir='ltr'>in</span> <span class='ocrx_word' id='word_1_80' title='bbox 1994 1044 2206 1100; x_wconf 85' lang='lat' dir='ltr'>aliquibus</span> 
     </span>
     <span class='ocr_line' id='line_1_9' title="bbox 265 1135 2206 1196; baseline -0.003 -13"><span class='ocrx_word' id='word_1_81' title='bbox 265 1155 339 1183; x_wconf 82' lang='lat' dir='ltr'>seu</span> <span class='ocrx_word' id='word_1_82' title='bbox 365 1143 597 1196; x_wconf 82' lang='lat' dir='ltr'>graventur</span> <span class='ocrx_word' id='word_1_83' title='bbox 623 1154 697 1194; x_wconf 89' lang='lat' dir='ltr'>per</span> <span class='ocrx_word' id='word_1_84' title='bbox 723 1152 799 1179; x_wconf 87' lang='lat' dir='ltr'>nos</span> <span class='ocrx_word' id='word_1_85' title='bbox 819 1137 993 1179; x_wconf 86' lang='lat' dir='ltr'>heredes</span> <span class='ocrx_word' id='word_1_86' title='bbox 1017 1151 1090 1177; x_wconf 86' lang='lat' dir='ltr'>seu</span> <span class='ocrx_word' id='word_1_87' title='bbox 1111 1135 1346 1190; x_wconf 77' lang='lat' dir='ltr'>assignatos</span> <span class='ocrx_word' id='word_1_88' title='bbox 1366 1137 1531 1177; x_wconf 85' lang='lat' dir='ltr'>nostros</span> <span class='ocrx_word' id='word_1_89' title='bbox 1552 1135 1719 1178; x_wconf 87' lang='lat' dir='ltr'>racione</span> <span class='ocrx_word' id='word_1_90' title='bbox 1740 1136 1941 1178; x_wconf 88' lang='lat' dir='ltr'>veredicti</span> <span class='ocrx_word' id='word_1_91' title='bbox 1967 1136 2119 1191; x_wconf 85' lang='lat' dir='ltr'>judicii</span> <span class='ocrx_word' id='word_1_92' title='bbox 2139 1136 2206 1178; x_wconf 89' lang='lat' dir='ltr'>vel</span> 
     </span>
     <span class='ocr_line' id='line_1_10' title="bbox 266 1226 2205 1285; baseline -0.003 -12"><span class='ocrx_word' id='word_1_93' title='bbox 266 1230 526 1274; x_wconf 77' lang='lat' dir='ltr'>exeouoionis</span> <span class='ocrx_word' id='word_1_94' title='bbox 546 1229 828 1285; x_wconf 86' lang='lat' dir='ltr'>predictorum</span> <span class='ocrx_word' id='word_1_95' title='bbox 850 1230 911 1269; x_wconf 89' lang='lat' dir='ltr'>set</span> <span class='ocrx_word' id='word_1_96' title='bbox 932 1226 985 1269; x_wconf 91' lang='lat' dir='ltr'>ab</span> <span class='ocrx_word' id='word_1_97' title='bbox 1007 1226 1122 1268; x_wconf 84' lang='lat' dir='ltr'>omni</span> <span class='ocrx_word' id='word_1_98' title='bbox 1148 1226 1312 1268; x_wconf 82' lang='lat' dir='ltr'>actione</span> <span class='ocrx_word' id='word_1_99' title='bbox 1333 1226 1506 1281; x_wconf 89' lang='lat' dir='ltr'>petendi</span> <span class='ocrx_word' id='word_1_100' title='bbox 1536 1226 1604 1268; x_wconf 85' lang='lat' dir='ltr'>vel</span> <span class='ocrx_word' id='word_1_101' title='bbox 1629 1226 1948 1282; x_wconf 87' lang='lat' dir='ltr'>calumpniandi</span> <span class='ocrx_word' id='word_1_102' title='bbox 1967 1226 2205 1282; x_wconf 84' lang='lat' dir='ltr'>predictum</span> 
     </span>
     <span class='ocr_line' id='line_1_11' title="bbox 263 1316 2207 1374; baseline -0.002 -10"><span class='ocrx_word' id='word_1_103' title='bbox 263 1322 499 1364; x_wconf 85' lang='lat' dir='ltr'>manerium</span> <span class='ocrx_word' id='word_1_104' title='bbox 530 1335 672 1362; x_wconf 84' lang='lat' dir='ltr'>versus</span> <span class='ocrx_word' id='word_1_105' title='bbox 699 1318 912 1374; x_wconf 81' lang='lat' dir='ltr'>prefatum</span> <span class='ocrx_word' id='word_1_106' title='bbox 945 1316 1218 1359; x_wconf 77' lang='lat' dir='ltr'>GILBERTUM</span> <span class='ocrx_word' id='word_1_107' title='bbox 1246 1316 1421 1358; x_wconf 83' lang='lat' dir='ltr'>heredes</span> <span class='ocrx_word' id='word_1_108' title='bbox 1450 1332 1522 1359; x_wconf 89' lang='lat' dir='ltr'>seu</span> <span class='ocrx_word' id='word_1_109' title='bbox 1553 1317 1789 1373; x_wconf 84' lang='lat' dir='ltr'>assignatos</span> <span class='ocrx_word' id='word_1_110' title='bbox 1810 1333 1904 1359; x_wconf 87' lang='lat' dir='ltr'>suos</span> <span class='ocrx_word' id='word_1_111' title='bbox 1925 1333 1999 1373; x_wconf 89' lang='lat' dir='ltr'>per</span> <span class='ocrx_word' id='word_1_112' title='bbox 2018 1318 2207 1373; x_wconf 82' lang='lat' dir='ltr'>juratam</span> 
     </span>
     <span class='ocr_line' id='line_1_12' title="bbox 261 1407 2206 1469; baseline -0.003 -14"><span class='ocrx_word' id='word_1_113' title='bbox 261 1413 417 1469; x_wconf 84' lang='lat' dir='ltr'>viginti</span> <span class='ocrx_word' id='word_1_114' title='bbox 438 1414 480 1453; x_wconf 92' lang='lat' dir='ltr'>et</span> <span class='ocrx_word' id='word_1_115' title='bbox 500 1413 681 1466; x_wconf 85' lang='lat' dir='ltr'>quatuor</span> <span class='ocrx_word' id='word_1_116' title='bbox 708 1409 896 1450; x_wconf 86' lang='lat' dir='ltr'>militum</span> <span class='ocrx_word' id='word_1_117' title='bbox 921 1408 988 1449; x_wconf 87' lang='lat' dir='ltr'>vel</span> <span class='ocrx_word' id='word_1_118' title='bbox 1017 1408 1184 1450; x_wconf 84' lang='lat' dir='ltr'>racione</span> <span class='ocrx_word' id='word_1_119' title='bbox 1216 1407 1399 1464; x_wconf 82' lang='lat' dir='ltr'>alicujus</span> <span class='ocrx_word' id='word_1_120' title='bbox 1428 1408 1577 1449; x_wconf 88' lang='lat' dir='ltr'>erroris</span> <span class='ocrx_word' id='word_1_121' title='bbox 1604 1408 1650 1449; x_wconf 92' lang='lat' dir='ltr'>in</span> <span class='ocrx_word' id='word_1_122' title='bbox 1671 1408 1858 1463; x_wconf 87' lang='lat' dir='ltr'>predicto</span> <span class='ocrx_word' id='word_1_123' title='bbox 1882 1407 2042 1464; x_wconf 83' lang='lat' dir='ltr'>judicio</span> <span class='ocrx_word' id='word_1_124' title='bbox 2063 1408 2130 1450; x_wconf 87' lang='lat' dir='ltr'>vel</span> <span class='ocrx_word' id='word_1_125' title='bbox 2160 1408 2206 1450; x_wconf 89' lang='lat' dir='ltr'>in</span> 
     </span>
     <span class='ocr_line' id='line_1_13' title="bbox 261 1497 2207 1560; baseline -0.003 -15"><span class='ocrx_word' id='word_1_126' title='bbox 261 1517 453 1560; x_wconf 84' lang='lat' dir='ltr'>processu</span> <span class='ocrx_word' id='word_1_127' title='bbox 488 1501 679 1557; x_wconf 83' lang='lat' dir='ltr'>ejusdem</span> <span class='ocrx_word' id='word_1_128' title='bbox 712 1500 746 1541; x_wconf 89' lang='lat' dir='ltr'>si</span> <span class='ocrx_word' id='word_1_129' title='bbox 782 1499 876 1555; x_wconf 89' lang='lat' dir='ltr'>quis</span> <span class='ocrx_word' id='word_1_130' title='bbox 913 1498 1042 1541; x_wconf 81' lang='lat' dir='ltr'>fuerit</span> <span class='ocrx_word' id='word_1_131' title='bbox 1083 1498 1213 1541; x_wconf 88' lang='lat' dir='ltr'>simus</span> <span class='ocrx_word' id='word_1_132' title='bbox 1253 1499 1411 1540; x_wconf 76' lang='lat' dir='ltr'>exclusi</span> <span class='ocrx_word' id='word_1_133' title='bbox 1443 1499 1770 1554; x_wconf 86' lang='lat' dir='ltr'>imperpetuum.</span> <span class='ocrx_word' id='word_1_134' title='bbox 1852 1497 1979 1540; x_wconf 79' lang='lat' dir='ltr'>Salvo</span> <span class='ocrx_word' id='word_1_135' title='bbox 2011 1498 2132 1541; x_wconf 84' lang='lat' dir='ltr'>nobis</span> <span class='ocrx_word' id='word_1_136' title='bbox 2164 1509 2207 1541; x_wconf 80' lang='lat' dir='ltr'>et</span> 
     </span>
     <span class='ocr_line' id='line_1_14' title="bbox 260 1589 2209 1647; baseline -0.003 -11"><span class='ocrx_word' id='word_1_137' title='bbox 260 1593 484 1636; x_wconf 87' lang='lat' dir='ltr'>heredibus</span> <span class='ocrx_word' id='word_1_138' title='bbox 504 1592 657 1634; x_wconf 87' lang='lat' dir='ltr'>nostris</span> <span class='ocrx_word' id='word_1_139' title='bbox 678 1591 881 1647; x_wconf 87' lang='lat' dir='ltr'>superiori</span> <span class='ocrx_word' id='word_1_140' title='bbox 902 1590 1073 1633; x_wconf 88' lang='lat' dir='ltr'>domino</span> <span class='ocrx_word' id='word_1_141' title='bbox 1105 1592 1248 1632; x_wconf 89' lang='lat' dir='ltr'>nostro</span> <span class='ocrx_word' id='word_1_142' title='bbox 1277 1591 1329 1632; x_wconf 87' lang='lat' dir='ltr'>de</span> <span class='ocrx_word' id='word_1_143' title='bbox 1358 1590 1546 1646; x_wconf 80' lang='lat' dir='ltr'>predicto</span> <span class='ocrx_word' id='word_1_144' title='bbox 1574 1589 1764 1632; x_wconf 83' lang='lat' dir='ltr'>manerio</span> <span class='ocrx_word' id='word_1_145' title='bbox 1786 1593 1829 1631; x_wconf 86' lang='lat' dir='ltr'>et</span> <span class='ocrx_word' id='word_1_146' title='bbox 1849 1589 2034 1632; x_wconf 89' lang='lat' dir='ltr'>serviciis</span> <span class='ocrx_word' id='word_1_147' title='bbox 2054 1589 2209 1632; x_wconf 83' lang='lat' dir='ltr'>debitis</span> 
     </span>
     <span class='ocr_line' id='line_1_15' title="bbox 260 1681 2208 1738; baseline -0.002 -10"><span class='ocrx_word' id='word_1_148' title='bbox 260 1689 304 1729; x_wconf 85' lang='lat' dir='ltr'>et</span> <span class='ocrx_word' id='word_1_149' title='bbox 333 1684 552 1728; x_wconf 84' lang='lat' dir='ltr'>consuetis.</span> <span class='ocrx_word' id='word_1_150' title='bbox 615 1683 670 1726; x_wconf 88' lang='lat' dir='ltr'>In</span> <span class='ocrx_word' id='word_1_151' title='bbox 696 1682 817 1738; x_wconf 84' lang='lat' dir='ltr'>cujus</span> <span class='ocrx_word' id='word_1_152' title='bbox 844 1681 906 1723; x_wconf 89' lang='lat' dir='ltr'>rei</span> <span class='ocrx_word' id='word_1_153' title='bbox 935 1681 1225 1724; x_wconf 87' lang='lat' dir='ltr'>testimonium</span> <span class='ocrx_word' id='word_1_154' title='bbox 1256 1681 1355 1723; x_wconf 86' lang='lat' dir='ltr'>huic</span> <span class='ocrx_word' id='word_1_155' title='bbox 1387 1681 1571 1736; x_wconf 86' lang='lat' dir='ltr'>presenti</span> <span class='ocrx_word' id='word_1_156' title='bbox 1605 1681 1758 1736; x_wconf 85' lang='lat' dir='ltr'>scripto</span> <span class='ocrx_word' id='word_1_157' title='bbox 1793 1681 1983 1737; x_wconf 83' lang='lat' dir='ltr'>sigillum</span> <span class='ocrx_word' id='word_1_158' title='bbox 2014 1684 2208 1724; x_wconf 86' lang='lat' dir='ltr'>nostrum</span> 
     </span>
     <span class='ocr_line' id='line_1_16' title="bbox 260 1777 543 1833; baseline -0.007 -14"><span class='ocrx_word' id='word_1_159' title='bbox 260 1777 543 1833; x_wconf 86' lang='lat' dir='ltr'>apposuimus.</span> 
     </span>
    </p>

    <p class='ocr_par' dir='ltr' id='par_1_3' title="bbox 261 1862 2211 2003">
     <span class='ocr_line' id='line_1_17' title="bbox 318 1862 2211 1920; baseline -0.003 -10"><span class='ocrx_word' id='word_1_160' title='bbox 318 1868 483 1911; x_wconf 81' lang='lat' dir='ltr'>Datum</span> <span class='ocrx_word' id='word_1_161' title='bbox 504 1882 638 1909; x_wconf 78' lang='lat' dir='ltr'>xvuJ.</span> <span class='ocrx_word' id='word_1_162' title='bbox 662 1866 730 1908; x_wconf 84' lang='lat' dir='ltr'>die</span> <span class='ocrx_word' id='word_1_163' title='bbox 752 1866 905 1908; x_wconf 84' lang='lat' dir='ltr'>Marcii</span> <span class='ocrx_word' id='word_1_164' title='bbox 930 1899 936 1906; x_wconf 91' lang='lat'><em>.</em></span> <span class='ocrx_word' id='word_1_165' title='bbox 962 1879 1074 1907; x_wconf 81' lang='lat' dir='ltr'>anno</span> <span class='ocrx_word' id='word_1_166' title='bbox 1094 1865 1218 1920; x_wconf 84' lang='lat' dir='ltr'>regni</span> <span class='ocrx_word' id='word_1_167' title='bbox 1239 1863 1374 1919; x_wconf 79' lang='lat' dir='ltr'>Regis</span> <span class='ocrx_word' id='word_1_168' title='bbox 1395 1862 1621 1905; x_wconf 61' lang='lat' dir='ltr'>Enwfflm</span> <span class='ocrx_word' id='word_1_169' title='bbox 1644 1863 1763 1905; x_wconf 83' lang='lat' dir='ltr'>tercii</span> <span class='ocrx_word' id='word_1_170' title='bbox 1788 1897 1795 1905; x_wconf 93' lang='lat'><strong>.</strong></span> <span class='ocrx_word' id='word_1_171' title='bbox 1818 1866 1914 1918; x_wconf 84' lang='lat' dir='ltr'>post</span> <span class='ocrx_word' id='word_1_172' title='bbox 1934 1866 2211 1919; x_wconf 86' lang='lat' dir='ltr'>conquestum</span> 
     </span>
     <span class='ocr_line' id='line_1_18' title="bbox 261 1960 436 2003; baseline -0.006 -1"><span class='ocrx_word' id='word_1_173' title='bbox 261 1960 436 2003; x_wconf 85' lang='lat' dir='ltr'>decimo.</span> 
     </span>
    </p>

    <p class='ocr_par' dir='ltr' id='par_1_4' title="bbox 320 2045 1612 2105">
     <span class='ocr_line' id='line_1_19' title="bbox 320 2045 1612 2105; baseline -0.005 -13"><span class='ocrx_word' id='word_1_174' title='bbox 320 2049 395 2092; x_wconf 77' lang='lat' dir='ltr'>Six</span> <span class='ocrx_word' id='word_1_175' title='bbox 416 2053 631 2105; x_wconf 73' lang='lat' dir='ltr'>apel-tures</span> <span class='ocrx_word' id='word_1_176' title='bbox 653 2048 719 2090; x_wconf 82' lang='lat' dir='ltr'>for</span> <span class='ocrx_word' id='word_1_177' title='bbox 739 2063 764 2090; x_wconf 90' lang='lat' dir='ltr'>a</span> <span class='ocrx_word' id='word_1_178' title='bbox 783 2047 903 2104; x_wconf 83' lang='lat' dir='ltr'>plait,</span> <span class='ocrx_word' id='word_1_179' title='bbox 926 2047 1004 2089; x_wconf 89' lang='lat' dir='ltr'>but</span> <span class='ocrx_word' id='word_1_180' title='bbox 1024 2047 1109 2089; x_wconf 84' lang='lat' dir='ltr'>seal</span> <span class='ocrx_word' id='word_1_181' title='bbox 1131 2047 1217 2088; x_wconf 84' lang='lat' dir='ltr'>and</span> <span class='ocrx_word' id='word_1_182' title='bbox 1236 2046 1344 2102; x_wconf 84' lang='lat' dir='ltr'>plait</span> <span class='ocrx_word' id='word_1_183' title='bbox 1364 2045 1468 2088; x_wconf 86' lang='lat' dir='ltr'>both</span> <span class='ocrx_word' id='word_1_184' title='bbox 1490 2060 1612 2101; x_wconf 85' lang='lat' dir='ltr'>gone.</span> 
     </span>
    </p>
   </div>
   <div class='ocr_carea' id='block_1_3' title="bbox 320 2136 1184 2194">
    <p class='ocr_par' dir='ltr' id='par_1_5' title="bbox 320 2136 1184 2194">
     <span class='ocr_line' id='line_1_20' title="bbox 320 2136 1184 2194; baseline -0.003 -12"><span class='ocrx_word' id='word_1_185' title='bbox 320 2141 543 2183; x_wconf 83' lang='lat' dir='ltr'>Endorsed</span> <span class='ocrx_word' id='word_1_186' title='bbox 558 2144 614 2170; x_wconf 86' lang='lat'>-—‘</span> <span class='ocrx_word' id='word_1_187' title='bbox 633 2140 784 2182; x_wconf 82' lang='lat' dir='ltr'>Placit.</span> <span class='ocrx_word' id='word_1_188' title='bbox 808 2140 860 2181; x_wconf 85' lang='lat' dir='ltr'>de</span> <span class='ocrx_word' id='word_1_189' title='bbox 881 2136 1184 2194; x_wconf 85' lang='lat' dir='ltr'>Landy1nore.&#39;</span> 
     </span>
    </p>
   </div>
   <div class='ocr_carea' id='block_1_4' title="bbox 1066 2336 1412 2380">
    <p class='ocr_par' dir='ltr' id='par_1_6' title="bbox 1066 2336 1412 2380">
     <span class='ocr_line' id='line_1_21' title="bbox 1066 2336 1412 2380; baseline -0.006 0"><span class='ocrx_word' id='word_1_190' title='bbox 1066 2336 1412 2380; x_wconf 84' lang='lat' dir='ltr'><strong>DCCCOLXII.</strong></span> 
     </span>
    </p>
   </div>
   <div class='ocr_carea' id='block_1_5' title="bbox 266 2442 2211 2682">
    <p class='ocr_par' dir='ltr' id='par_1_7' title="bbox 266 2442 2211 2682">
     <span class='ocr_line' id='line_1_22' title="bbox 266 2442 2211 2492; baseline -0.004 0"><span class='ocrx_word' id='word_1_191' title='bbox 266 2449 523 2492; x_wconf 80' lang='lat' dir='ltr'>EXTENT</span> <span class='ocrx_word' id='word_1_192' title='bbox 573 2448 659 2490; x_wconf 88' lang='lat' dir='ltr'>BY</span> <span class='ocrx_word' id='word_1_193' title='bbox 708 2447 984 2490; x_wconf 78' lang='lat' dir='ltr'>MARGAM</span> <span class='ocrx_word' id='word_1_194' title='bbox 1041 2445 1257 2488; x_wconf 87' lang='lat' dir='ltr'><strong>ABBEY</strong></span> <span class='ocrx_word' id='word_1_195' title='bbox 1309 2445 1387 2487; x_wconf 99' lang='lat' dir='ltr'>OF</span> <span class='ocrx_word' id='word_1_196' title='bbox 1436 2443 1563 2486; x_wconf 90' lang='lat' dir='ltr'>ALL</span> <span class='ocrx_word' id='word_1_197' title='bbox 1611 2443 1748 2486; x_wconf 77' lang='grc' dir='ltr'>ΗΕΒ,</span> <span class='ocrx_word' id='word_1_198' title='bbox 1808 2442 2016 2486; x_wconf 78' lang='lat' dir='ltr'><strong>LANDS</strong></span> <span class='ocrx_word' id='word_1_199' title='bbox 2077 2443 2167 2485; x_wconf 85' lang='lat' dir='ltr'>AN</span> <span class='ocrx_word' id='word_1_200' title='bbox 2172 2442 2211 2484; x_wconf 94' lang='lat' dir='ltr'>D</span> 
     </span>
     <span class='ocr_line' id='line_1_23' title="bbox 412 2534 2211 2591; baseline -0.003 -9"><span class='ocrx_word' id='word_1_201' title='bbox 412 2538 816 2591; x_wconf 76' lang='lat' dir='ltr'>POSSESSlONS,</span> <span class='ocrx_word' id='word_1_202' title='bbox 879 2538 1056 2582; x_wconf 80' lang='lat' dir='ltr'><strong>WITH</strong></span> <span class='ocrx_word' id='word_1_203' title='bbox 1122 2536 1420 2581; x_wconf 76' lang='lat' dir='ltr'>GOUNTER</span> <span class='ocrx_word' id='word_1_204' title='bbox 1488 2534 1863 2578; x_wconf 78' lang='lat' dir='ltr'>STATEMENT</span> <span class='ocrx_word' id='word_1_205' title='bbox 1933 2534 2011 2577; x_wconf 92' lang='lat' dir='ltr'>OF</span> <span class='ocrx_word' id='word_1_206' title='bbox 2080 2534 2211 2577; x_wconf 83' lang='lat' dir='ltr'>LIA-</span> 
     </span>
     <span class='ocr_line' id='line_1_24' title="bbox 413 2624 2208 2682; baseline -0.003 -9"><span class='ocrx_word' id='word_1_207' title='bbox 413 2630 701 2682; x_wconf 80' lang='lat' dir='ltr'>BILITIES,</span> <span class='ocrx_word' id='word_1_208' title='bbox 742 2629 1111 2672; x_wconf 77' lang='lat' dir='ltr'><strong>ADDRESSED</strong></span> <span class='ocrx_word' id='word_1_209' title='bbox 1155 2628 1230 2671; x_wconf 89' lang='grc' dir='ltr'>ΤΟ</span> <span class='ocrx_word' id='word_1_210' title='bbox 1272 2627 1403 2670; x_wconf 80' lang='lat' dir='ltr'>THE</span> <span class='ocrx_word' id='word_1_211' title='bbox 1444 2626 1652 2670; x_wconf 81' lang='lat' dir='ltr'><strong>ABBOT</strong></span> <span class='ocrx_word' id='word_1_212' title='bbox 1701 2625 1779 2668; x_wconf 89' lang='lat' dir='ltr'>OF</span> <span class='ocrx_word' id='word_1_213' title='bbox 1820 2624 2208 2669; x_wconf 79' lang='lat' dir='ltr'><strong>OLAIRVAUX.</strong></span> 
     </span>
    </p>
   </div>
   <div class='ocr_carea' id='block_1_6' title="bbox 596 2734 2155 2889">
    <p class='ocr_par' dir='ltr' id='par_1_8' title="bbox 596 2734 2155 2889">
     <span class='ocr_line' id='line_1_25' title="bbox 984 2734 1505 2794; baseline -0.004 -15"><span class='ocrx_word' id='word_1_214' title='bbox 984 2737 1214 2794; x_wconf 79' lang='lat' dir='ltr'>[MARGAM</span> <span class='ocrx_word' id='word_1_215' title='bbox 1248 2734 1505 2792; x_wconf 62' lang='lat' dir='ltr'>CHARTER]</span> 
     </span>
     <span class='ocr_line' id='line_1_26' title="bbox 596 2843 2155 2889; baseline -0.003 0"><span class='ocrx_word' id='word_1_216' title='bbox 596 2847 846 2889; x_wconf 80' lang='lat' dir='ltr'><strong>THURSDAY</strong></span> <span class='ocrx_word' id='word_1_217' title='bbox 875 2860 1021 2888; x_wconf 79' lang='lat' dir='ltr'><strong>AFTER</strong></span> <span class='ocrx_word' id='word_1_218' title='bbox 1050 2860 1142 2888; x_wconf 83' lang='lat' dir='ltr'>THE</span> <span class='ocrx_word' id='word_1_219' title='bbox 1173 2844 1348 2887; x_wconf 79' lang='lat' dir='ltr'>OcrAvE</span> <span class='ocrx_word' id='word_1_220' title='bbox 1380 2858 1433 2886; x_wconf 79' lang='lat' dir='ltr'>oF</span> <span class='ocrx_word' id='word_1_221' title='bbox 1464 2843 1656 2886; x_wconf 78' lang='lat' dir='ltr'><strong>EASTER.</strong></span> <span class='ocrx_word' id='word_1_222' title='bbox 1722 2844 1772 2885; x_wconf 91' lang='grc'>11</span> <span class='ocrx_word' id='word_1_223' title='bbox 1805 2843 1967 2885; x_wconf 78' lang='lat' dir='ltr'>APRIL.</span> <span class='ocrx_word' id='word_1_224' title='bbox 2032 2843 2155 2885; x_wconf 86' lang='lat'>1336.</span> 
     </span>
    </p>
   </div>
   <div class='ocr_carea' id='block_1_7' title="bbox 329 2949 2216 3009">
    <p class='ocr_par' dir='ltr' id='par_1_9' title="bbox 329 2949 2216 3009">
     <span class='ocr_line' id='line_1_27' title="bbox 329 2949 2216 3009; baseline -0.002 -12"><span class='ocrx_word' id='word_1_225' title='bbox 329 2954 685 2997; x_wconf 80' lang='lat' dir='ltr'>Reverentissimo</span> <span class='ocrx_word' id='word_1_226' title='bbox 705 2953 819 3009; x_wconf 87' lang='lat' dir='ltr'>patri</span> <span class='ocrx_word' id='word_1_227' title='bbox 839 2967 914 2994; x_wconf 91' lang='lat' dir='ltr'>suo</span> <span class='ocrx_word' id='word_1_228' title='bbox 934 2952 980 2994; x_wconf 91' lang='lat' dir='ltr'>in</span> <span class='ocrx_word' id='word_1_229' title='bbox 1002 2951 1198 2995; x_wconf 64' lang='lat' dir='ltr'>Onmsro</span> <span class='ocrx_word' id='word_1_230' title='bbox 1219 2952 1392 2994; x_wconf 88' lang='lat' dir='ltr'>domino</span> <span class='ocrx_word' id='word_1_231' title='bbox 1413 2951 1558 2993; x_wconf 86' lang='lat' dir='ltr'>abbati</span> <span class='ocrx_word' id='word_1_232' title='bbox 1579 2950 1893 2993; x_wconf 76' lang='lat' dir='ltr'><strong>CLAREVALLIS</strong></span> <span class='ocrx_word' id='word_1_233' title='bbox 1909 2964 2010 2992; x_wconf 83' lang='lat' dir='ltr'>suus</span> <span class='ocrx_word' id='word_1_234' title='bbox 2029 2949 2144 2992; x_wconf 87' lang='lat' dir='ltr'>filius</span> <span class='ocrx_word' id='word_1_235' title='bbox 2163 2950 2216 2993; x_wconf 84' lang='lat' dir='ltr'>de</span> 
     </span>
    </p>
   </div>
   <div class='ocr_carea' id='block_1_8' title="bbox 271 3042 1692 3100">
    <p class='ocr_par' dir='ltr' id='par_1_10' title="bbox 271 3042 1692 3100">
     <span class='ocr_line' id='line_1_28' title="bbox 271 3042 1692 3100; baseline -0.004 -11"><span class='ocrx_word' id='word_1_236' title='bbox 271 3046 476 3089; x_wconf 75' lang='lat' dir='ltr'><strong>MARGAN</strong></span> <span class='ocrx_word' id='word_1_237' title='bbox 498 3044 783 3088; x_wconf 86' lang='lat' dir='ltr'>obedientiam</span> <span class='ocrx_word' id='word_1_238' title='bbox 802 3043 1162 3100; x_wconf 87' lang='lat' dir='ltr'>promptissimam</span> <span class='ocrx_word' id='word_1_239' title='bbox 1184 3057 1281 3085; x_wconf 91' lang='lat' dir='ltr'>cum</span> <span class='ocrx_word' id='word_1_240' title='bbox 1300 3042 1460 3085; x_wconf 86' lang='lat' dir='ltr'>honore</span> <span class='ocrx_word' id='word_1_241' title='bbox 1480 3055 1692 3084; x_wconf 86' lang='lat' dir='ltr'>mansuro.</span> 
     </span>
    </p>
   </div>
  </div>
 </body>
</html>
