2386 3645
282 293 393 336 1466

219 499 409 541 redditus
449 503 491 542 et
531 500 705 542 servicia
736 499 835 542 inde
877 499 1020 542 debita
1054 502 1096 541 et
1131 500 1183 542 de
1215 499 1311 555 jure
1344 502 1554 541 consueta.
1615 498 1676 540 Et
1711 512 1788 539 nos
1820 512 1918 539 vero
1949 498 2161 552 predictus

220 589 461 632 JOHANNES
495 590 695 633 MAGHON
723 591 753 634 J
756 604 964 632 oHANNEs
994 606 1047 646 ap
1077 589 1292 632 GWILLIM
1319 589 1522 633 VAGHAN
1556 592 1599 632 et
1625 588 1867 632 JOHANNES
1899 587 2089 630 TnoMAs
2121 591 2162 630 et

220 680 393 723 heredes
413 681 546 723 nostri
568 681 711 724 omnia
730 682 919 737 predicta
938 684 1070 723 terras
1091 684 1134 723 et
1152 684 1397 724 tenementa
1426 683 1548 736 prata
1579 679 1723 721 boscos
1753 681 1947 734 pasturas
1974 681 2016 720 et
2043 681 2160 721 vasta

220 786 316 813 cum
346 772 542 815 omnibus
572 773 658 815 suis
687 772 956 828 pertinentiis
983 773 1170 828 predicto
1201 772 1230 815 J
1233 786 1409 814 OHANNI
1447 773 1499 814 de
1538 769 1855 813 STRADELYNel
1874 769 2037 825 juniori
2056 769 2163 811 alias

221 861 251 905 J
253 876 430 905 OHANNI
452 864 504 905 de
525 863 662 906 AUNE
683 863 909 905 heredibus
929 863 1015 905 suis
1036 866 1079 904 et
1099 862 1325 918 assignatis
1345 865 1490 904 contra
1511 876 1656 904 omnes
1678 863 1826 917 gentes
1845 861 2160 916 imperpetuum

220 953 601 996 warantizabimus.
663 953 720 995 In
741 954 864 1009 cujus
879 953 940 995 rei
959 953 1252 996 testimonium
1273 953 1372 995 huic
1392 953 1579 1008 presenti
1600 955 1712 994 carte
1732 967 1825 994 mee
1846 951 1988 1007 sigilla
2019 954 2162 994 nostra

219 1044 504 1100 apposuimus.
565 1043 668 1086 Hiis
682 1043 861 1086 testibus
879 1078 886 1086 .
907 1043 1137 1086 GILBERTO
1153 1043 1312 1085 DENYs
1328 1043 1464 1085 milite
1483 1077 1491 1085 .
1515 1043 1544 1086 J
1547 1057 1735 1085 OHANNE
1756 1042 1796 1084 16
1813 1042 1943 1084 EYRE
1959 1041 2128 1098 juniore
2151 1075 2159 1084 .

217 1134 247 1177 J
250 1149 437 1177 OHANNE
459 1135 708 1177 BONEerL'
730 1137 773 1176 et
793 1135 899 1176 aliis.

277 1225 441 1267 Datum
461 1227 576 1281 apud
598 1225 801 1267 Govrvmv
818 1225 885 1266 die
902 1224 1083 1267 Veneris
1095 1224 1291 1266 vicesimo
1309 1224 1437 1266 tercio
1453 1224 1523 1266 (lie
1535 1224 1692 1266 mensis
1706 1223 1899 1266 Octobris
1913 1238 2024 1265 anno
2037 1223 2162 1280 regni

220 1316 353 1373 Regis
373 1316 578 1358 HENRICI
600 1317 740 1372 quarti
761 1318 856 1372 post
876 1318 1151 1371 conquestum
1171 1315 1480 1357 terciodecimo.

275 1407 378 1450 Slits
399 1408 465 1449 for
484 1408 603 1449 three
622 1407 767 1460 labels,
789 1406 939 1459 which,
964 1406 1068 1448 with
1088 1407 1161 1448 the
1182 1408 1300 1459 seals,
1322 1422 1393 1448 are
1414 1422 1536 1463 gone.

991 1498 1038 1535 (1)
1063 1497 1312 1536 Destradelyng,
1328 1497 1397 1527 MS,

276 1554 378 1583 There
407 1563 472 1583 was
497 1563 516 1583 a
543 1553 659 1592 family
686 1554 719 1583 of
749 1553 833 1589 Van,
861 1553 1043 1582 sometimes
1072 1553 1175 1582 called
1204 1553 1243 1582 de
1265 1554 1368 1590 Avne,
1398 1553 1429 1582 in
1457 1554 1512 1582 the
1536 1556 1667 1592 county,
1691 1554 1724 1582 of
1748 1553 1853 1582 whom
1882 1553 2050 1591 Stradling
2078 1562 2151 1592 may

229 1611 310 1639 have
332 1610 469 1639 married
489 1619 531 1639 an
554 1610 680 1639 heiress.
722 1609 754 1639 1t
771 1609 798 1638 is
814 1609 1006 1647 interesting
1022 1613 1056 1638 to
1071 1609 1137 1638 find
1153 1609 1226 1638 that
1241 1609 1329 1638 John
1345 1609 1593 1647 Destradelyng,
1609 1610 1664 1639 the
1679 1618 1835 1648 younger,
1852 1619 1916 1638 was
1938 1610 2007 1639 also
2030 1610 2152 1639 known

228 1667 271 1705 by
288 1667 342 1695 the
357 1676 449 1695 name
464 1667 566 1695 Anne.

1103 1880 1276 1926 MGVI.

292 1988 696 2036 INQUISITION
746 1988 955 2031 AFTER
1006 1988 1136 2031 THE
1186 1988 1410 2032 DEATH
1461 1988 1538 2031 OF
1589 1988 1690 2031 SIR
1739 1988 2084 2031 LAURENGE

793 2079 1264 2132 BERKEROLLES,
1315 2079 1583 2123 KNIGHT.

1063 2187 1138 2244 [G.
1163 2187 1215 2230 G.
1239 2187 1314 2244 F.]

1362 2279 1389 2321 ’7
1419 2279 1529 2322 DEc.
1593 2280 1646 2320 13
1677 2278 1802 2321 HEN.
1835 2277 1916 2322 IV.
1981 2279 2104 2321 1411.

457 2387 711 2432 INQUISITIO
742 2387 854 2429 Pos'r
884 2387 1086 2430 MORTEM
1118 2387 1379 2430 LAURENTII
1411 2387 1699 2440 BERKROLLS,
1731 2387 1930 2429 Mmms.

275 2495 508 2551 Inquisicio
530 2498 653 2550 capta
673 2495 787 2550 apud
807 2494 1026 2538 NEWNAM
1048 2495 1116 2537 die
1137 2494 1263 2537 Lune
1283 2494 1477 2550 proxima
1498 2496 1593 2550 post
1611 2494 1772 2537 festum
1797 2493 1942 2536 Sancti
1963 2493 2160 2536 ANDREE

218 2586 396 2642 apostoli
446 2601 558 2628 anno
606 2586 731 2642 regni
781 2585 915 2642 Regis
953 2585 1160 2628 HENRICI
1201 2585 1343 2641 quarti
1381 2588 1476 2641 post
1519 2588 1796 2641 conquestum
1840 2592 1983 2627 xmmo.
2024 2599 2164 2628 coram

217 2677 247 2720 J
249 2691 436 2720 OHANNE
485 2676 738 2719 DERHURST
787 2675 1013 2718 Escaetore
1062 2676 1225 2719 domini
1276 2675 1410 2732 Regis
1449 2675 1495 2717 in
1530 2675 1735 2718 comitatu
1768 2674 2078 2718 GLoucEsrRIE
2115 2690 2163 2718 ac

217 2768 412 2811 Marohia
452 2767 647 2811 WALLIE
678 2767 816 2810 eidem
856 2767 1076 2810 comitatui
1115 2767 1356 2823 adjacent&
1394 2767 1552 2810 virtute
1587 2767 1726 2809 brevis
1766 2766 1960 2822 ejusdem
1999 2766 2162 2808 domini

218 2860 352 2917 Regis
401 2860 538 2902 eidem
577 2859 795 2902 Escaetori
839 2859 989 2901 directi
1029 2861 1071 2901 et
1109 2858 1209 2901 huic
1246 2858 1518 2914 inquisicioni
1550 2858 1715 2900 consuti
1747 2873 1821 2913 per
1856 2859 2165 2900 sacramentum

216 2951 246 2995 J
249 2965 449 2994 OHANNIS
478 2950 507 2993 J
512 2964 589 2992 ocE
613 2983 622 2992 .
644 2950 674 2993 J
677 2964 877 2992 OHANNIS
907 2948 1087 2992 STAURE
1121 2983 1129 2991 .
1162 2949 1191 2992 J
1194 2963 1394 2991 OHANNIS
1425 2948 1612 2991 OLERKE
1643 2950 1696 2991 de
1726 2948 2120 2990 BLAKSMORSHALE
2153 2981 2162 2989 .

217 3041 442 3086 WALTERI
465 3040 701 3083 BENGHAM
725 3074 733 3083 .
757 3040 924 3083 ΤΗΟΜΕ
947 3039 1125 3083 STAURE
1149 3075 1157 3083 .
1182 3040 1378 3083 chARm
1409 3039 1597 3083 BROOKE
1622 3073 1631 3082 .
1661 3038 1912 3083 WILLELMI
1943 3037 2122 3080 STAURE
2156 3071 2164 3080 .
