2386 3645
358 278 470 319 1434

1131 484 1406 527 MLXXIX.

296 592 511 636 GRANT
560 593 648 636 BY
697 592 948 636 ROBERT
997 591 1304 635 BRISTOLL
1362 591 1440 634 OF
1488 591 1533 634 A
1591 591 1768 634 HALF
1818 591 2122 634 BURGAGE
2171 591 2244 635 IN

822 684 1098 728 OARDIFF
1149 683 1225 726 ΤΟ
1275 683 1444 726 JOHN
1495 683 1716 727 OOGAN.

1090 799 1269 856 [CARNE
1300 798 1451 855 MSS]

1470 908 1495 948 6
1527 907 1650 952 Mu.
1710 908 1766 949 22
1798 907 1895 950 Rm.
1928 906 1992 949 II.
2058 907 2182 949 1399.

344 1016 492 1060 Sciant
511 1019 726 1072 presentes
746 1018 788 1058 et
807 1015 960 1058 ffuturi
981 1016 1094 1070 quod
1114 1030 1191 1057 nos
1216 1015 1456 1057 ROBERTUS
1486 1015 1723 1057 BRISTOLL'
1756 1018 1874 1058 sutor
1903 1016 1956 1057 de
1986 1015 2243 1058 KAERDYFF

290 1110 332 1150 et
353 1107 572 1151 JOHANNA
594 1107 790 1150 OLDMAN
812 1121 919 1148 uxor
938 1121 1034 1148 mea
1054 1121 1106 1147 ex
1127 1121 1213 1148 uno
1234 1121 1406 1148 assensu
1427 1108 1469 1148 et
1499 1121 1705 1148 concensu
1736 1107 1931 1148 dedimus
1963 1106 2241 1149 concessimus

289 1202 333 1242 et
361 1199 440 1241 hac
469 1198 655 1255 presenti
686 1201 800 1240 carta
830 1199 975 1239 nostra
1004 1197 1346 1239 confirmavimus
1377 1197 1407 1239 J
1409 1211 1585 1239 OHANNI
1620 1197 1774 1240 OoGAN
1810 1197 1956 1254 [fratri
1973 1197 2015 1254 P]
2051 1198 2239 1240 eiusdem

286 1289 388 1332 ville
417 1304 554 1331 unum
584 1288 811 1330 dimidium
841 1288 1103 1344 burgagium
1135 1287 1279 1343 jacens
1309 1288 1355 1328 in
1391 1287 1744 1329 CROKERSTRETE
1779 1288 1894 1330 infra
1935 1288 2151 1330 libertates
2184 1289 2236 1331 de

286 1379 541 1422 KAERDYFF
562 1379 674 1421 inter
694 1381 987 1421 tenementum
1003 1379 1218 1433 quondam
1240 1377 1408 1420 ΤΗΟΜΕ
1429 1377 1653 1420 BAWDRIP
1674 1380 1720 1419 in
1737 1378 1944 1420 orientem
1964 1381 2007 1420 et
2022 1383 2238 1421 tenemen-

285 1474 380 1513 tum
401 1486 538 1526 nuper
559 1470 808 1512 WILLELMI
833 1469 1015 1511 ORULLE
1037 1469 1083 1510 in
1109 1469 1370 1511 occidentem
1401 1471 1443 1511 et
1473 1470 1689 1524 quoddam
1720 1469 1995 1526 curtilagium
2025 1471 2241 1526 quondam

284 1563 314 1606 J
317 1577 515 1605 OHANNIS
537 1561 671 1604 LANG
692 1559 928 1603 Bmsrom]
951 1561 996 1602 in
1019 1564 1211 1602 austrum
1232 1563 1274 1602 et
1294 1561 1426 1602 altam
1457 1563 1634 1602 stratam
1664 1560 1710 1603 in
1740 1560 1911 1603 boreali.
1974 1561 2240 1604 Habendum

283 1658 326 1697 et
366 1655 600 1697 tenendum
641 1653 879 1709 predictum
914 1652 1143 1694 dimidium
1191 1651 1453 1708 burgagium
1493 1667 1590 1694 cum
1634 1652 1907 1708 pertinenciis
1947 1653 2033 1695 suis
2072 1653 2240 1709 prefato

283 1747 312 1790 J
315 1761 491 1789 OHANNI
517 1746 671 1787 CoGAN
693 1744 920 1786 heredibus
940 1747 983 1786 et
1006 1743 1233 1799 assignatis
1254 1744 1340 1786 suis
1370 1743 1501 1786 libere
1532 1747 1575 1786 et
1605 1745 1747 1800 quiete
1779 1745 1830 1786 de
1862 1745 2034 1800 capitali
2064 1746 2237 1788 domino

282 1838 397 1880 feodi
424 1838 540 1879 illius
570 1853 645 1893 per
673 1836 846 1878 servicia
873 1836 973 1878 inde
1005 1836 1150 1878 debita
1180 1838 1222 1877 et
1252 1836 1305 1878 de
1334 1835 1431 1891 jure
1462 1839 1671 1878 consueta.
1734 1836 1794 1878 Et
1825 1851 1901 1878 nos
1931 1851 2029 1878 vero
2059 1836 2240 1892 predicti

283 1929 524 1972 ROBERTUS
555 1932 597 1971 et
628 1928 657 1971 J
660 1942 849 1970 OHANNA
880 1927 1118 1983 predictum
1150 1927 1377 1969 dimidium
1417 1926 1678 1983 burgagium
1714 1942 1810 1969 cum
1850 1927 2122 1982 pertinenciis
2152 1927 2239 1970 suis

282 2022 469 2077 predicto
490 2020 520 2063 J
523 2034 699 2062 OHANNI
722 2018 877 2061 OoGAN
898 2018 1124 2061 heredibus
1146 2021 1188 2061 et
1210 2018 1436 2075 assignatis
1457 2019 1542 2060 suis
1573 2021 1719 2060 contra
1740 2033 1884 2060 omnes
1905 2021 2054 2075 gentes
2074 2034 2237 2061 waran-

281 2112 506 2154 tizabimus
527 2114 569 2153 et
590 2110 868 2152 defendemus
888 2110 1215 2165 imperpetuum.
1279 2109 1334 2151 In
1366 2110 1484 2152 cuius
1513 2110 1574 2151 rei
1604 2109 1895 2151 testimonium
1925 2108 2024 2151 huic
2053 2110 2241 2164 presenti

283 2207 397 2245 carte
426 2205 567 2244 nostre
598 2202 740 2257 sigilla
770 2204 915 2244 nostra
944 2201 1229 2257 apposuimus.
1292 2201 1395 2243 Hiis
1430 2200 1610 2243 testibus
1632 2234 1641 2242 .
1664 2201 1870 2243 R10A1zno
1901 2200 2109 2244 WOTTUN
2140 2216 2237 2244 con-

286 2294 516 2337 stabulario
557 2293 682 2335 castri
722 2294 775 2335 de
815 2292 1071 2334 KAERDYFF
1115 2325 1123 2334 .
1168 2292 1426 2336 WILLELMO
1468 2292 1623 2334 DAV1D
1663 2295 1706 2334 et
1746 2291 1966 2334 JOHANNE
2008 2291 2194 2334 SHEDDE
2229 2325 2237 2332 .

282 2384 505 2442 prepositis
532 2384 692 2426 ibidem
716 2418 723 2426 .
746 2383 776 2426 J
779 2398 966 2425 OHANNE
996 2383 1177 2427 SADLER
1197 2386 1300 2426 tunc
1320 2383 1523 2438 temporis
1542 2382 1700 2426 ballivo
1725 2417 1733 2425 .
1756 2383 1785 2425 J
1789 2398 1977 2425 OHANNE
1998 2383 2202 2425 MORGAN
2226 2416 2235 2426 .

284 2476 314 2520 J
317 2490 504 2518 OHANNE
527 2475 685 2517 BUNCE
710 2508 718 2516 .
741 2474 771 2517 J
774 2488 962 2516 OHANNE
985 2474 1115 2516 PAYN
1137 2478 1180 2517 et
1200 2475 1294 2516 aliis
1314 2474 1474 2516 multis.

340 2584 505 2626 Datum
536 2583 650 2639 apud
679 2581 935 2625 KAERDYFF
967 2585 1085 2624 sexto
1119 2583 1187 2624 die
1218 2581 1374 2624 mensis
1408 2581 1515 2623 Maii
1555 2596 1669 2623 anno
1709 2582 1833 2638 regni
1869 2581 2004 2638 Regis
2037 2581 2233 2624 fficium

285 2675 458 2718 secundi
478 2679 572 2730 post
594 2676 870 2729 conquestum
892 2673 1091 2715 vicesimo
1113 2674 1309 2715 secundo.

343 2775 460 2817 Seals
479 2774 575 2825 lost,
597 2773 633 2814 'if
663 2772 782 2814 there
806 2788 912 2814 were
932 2788 1019 2827 any
1039 2788 1155 2829 upon
1176 2773 1249 2815 the
1270 2777 1354 2815 two
1377 2773 1521 2815 labels.

343 2882 564 2913 Crokerstrete
579 2881 605 2910 is
622 2880 811 2917 Grokerton,
822 2880 878 2909 the
892 2883 1019 2910 eastern
1035 2882 1157 2910 suburb
1167 2882 1200 2911 of
1217 2881 1349 2911 Cardiff.
1390 2881 1543 2918 Bawdrip
1558 2890 1593 2910 or
1608 2880 1836 2919 Baggedrippe
1851 2889 1941 2910 came
1956 2881 2040 2910 from
2055 2881 2227 2918 Somerset,

293 2939 398 2969 where
414 2938 492 2976 they
506 2937 580 2966 held
596 2937 651 2966 the
665 2937 781 2965 Manor
795 2937 859 2965 and
874 2937 956 2965 from
972 2936 997 2965 it
1014 2937 1142 2966 derived
1157 2937 1240 2966 their
1255 2947 1358 2966 name.
1401 2937 1512 2974 Cogan
1534 2946 1600 2965 was
1622 2937 1691 2966 also
1713 2947 1731 2965 a
1754 2937 1915 2966 Somerset
1938 2946 2039 2974 name,
2061 2937 2125 2965 and
2147 2936 2225 2974 they

293 2995 367 3025 held
382 2993 560 3023 Stretcholt
575 2993 638 3021 and
654 2992 836 3029 Huntspill.
878 2992 927 3021 Sir
944 2992 1023 3021 Milo
1038 2993 1077 3022 de
1093 2993 1204 3029 (logan
1220 3002 1286 3022 was
1302 3002 1362 3022 one
1377 2993 1411 3022 of
1433 2993 1488 3022 the
1503 3001 1698 3029 conquerors
1720 2993 1784 3021 and
1804 2992 1933 3021 settlers
1952 2992 1984 3021 in
2008 2992 2063 3021 the
2079 2992 2176 3021 south
2191 2992 2227 3021 of

291 3050 428 3082 Irelnnd.
470 3049 538 3078 The
554 3049 669 3086 family
684 3048 753 3077 also
769 3057 851 3086 gave
867 3048 909 3077 its
925 3058 1019 3077 name
1038 3052 1071 3077 to
1091 3058 1110 3077 a
1128 3049 1241 3078 Manor
1256 3049 1320 3078 and
1336 3048 1451 3078 Parish
1466 3052 1545 3078 west
1562 3049 1595 3078 of
1612 3048 1742 3078 Oai-diff.
