2386 3645
1937 285 2047 326 1533

165 487 328 530 debitas
347 503 420 530 seu
440 487 654 530 debendas
674 488 726 529 de
747 486 883 529 tribus
904 487 1009 529 acris
1029 493 1139 530 terre
1158 501 1234 543 pro
1254 503 1322 530 me
1342 487 1562 531 JOHANNE
1582 488 1806 532 heredibus
1821 494 1864 532 et
1879 491 2104 547 assignatis

164 579 269 620 meis
289 592 393 634 quas
412 577 543 620 habui
563 592 615 620 ex
636 577 898 620 concessione
919 577 1023 619 dicti
1038 576 1068 620 J
1070 591 1194 619 EUAN
1209 593 1284 633 per
1300 579 1516 633 quandam
1531 579 1660 620 finem
1674 579 1786 621 inter
1801 595 1876 622 nos
1891 581 2075 624 levatam
2093 615 2101 624 .

166 669 280 724 quod
299 671 402 711 tunc
421 668 635 724 predictus
649 667 842 710 redditus
861 667 1019 723 viginti
1038 668 1165 710 unius
1185 668 1455 711 denariorum
1477 668 1664 724 quinque
1686 669 1914 712 solidorum
1933 671 2105 714 nomine

165 758 337 801 herietti
356 759 425 802 vel
439 759 649 802 herietum
665 759 991 801 consuetudines
1012 761 1054 801 et
1075 759 1247 801 servicia
1267 759 1561 815 prenominata
1577 774 1701 814 super
1716 760 1849 802 dictas
1869 762 1973 803 duas
1993 777 2108 805 acras

166 853 208 893 et
229 850 452 893 dimidiam
472 853 581 893 terre
612 852 785 893 onerata
815 850 988 892 omnino
1018 850 1158 892 medio
1182 853 1370 906 tempore
1396 853 1557 892 cessent
1578 883 1586 892 .
1610 850 1798 905 alioquin
1820 854 1932 893 stent
1956 852 2002 894 in
2032 868 2107 894 suo

166 940 313 984 robore
335 945 377 983 et
397 941 552 984 effectu
573 943 615 983 et
645 941 703 982 sic
732 941 891 983 tociens
921 940 1120 996 quociens
1155 939 1234 997 [sic
1264 940 1499 997 acciderit]
1561 940 1623 983 Et
1654 955 1734 997 ego
1766 956 1864 984 vero
1896 943 2109 997 predictus

166 1032 197 1075 J
199 1046 408 1074 OHANNES
434 1034 475 1073 et
496 1031 670 1074 heredes
686 1032 771 1074 mei
791 1031 1000 1087 predictas
1020 1032 1126 1073 duas
1147 1046 1261 1073 acras
1282 1034 1324 1073 et
1345 1031 1567 1073 dimidiam
1593 1034 1703 1073 terre
1724 1047 1821 1074 cum
1840 1032 2111 1088 pertinenciis

165 1123 332 1180 prefato
359 1123 389 1166 J
391 1137 514 1165 EUAN
543 1122 768 1165 heredibus
789 1126 831 1164 et
851 1122 1078 1178 assignatis
1105 1123 1191 1165 suis
1222 1127 1367 1165 contra
1395 1138 1539 1165 omnes
1566 1126 1716 1179 gentes
1744 1123 2112 1167 warantizabimus

165 1214 491 1270 imperpetuum.
539 1213 596 1256 In
616 1213 739 1269 cujus
758 1214 820 1256 rei
841 1214 1133 1256 testimonium
1153 1214 1338 1269 presenti
1359 1214 1513 1269 scripto
1532 1214 1756 1256 indentato
1772 1217 1912 1270 partes
1927 1216 2113 1270 predicte

167 1305 309 1362 sigffla
340 1320 415 1347 sua
445 1305 688 1347 alternatim
720 1308 1021 1361 apposuerunt.
1084 1305 1187 1347 Hiis
1221 1304 1400 1347 testibus
1433 1339 1441 1346 .
1476 1304 1707 1347 GILBERTO
1743 1305 2068 1348 TURBERVILLE
2101 1340 2110 1349 .

167 1396 197 1440 J
199 1411 387 1439 OHANNE
418 1396 549 1438 EYRE
583 1430 592 1438 .
625 1395 780 1438 DAvm
811 1395 1058 1438 MATHEWE
1091 1399 1133 1439 et
1163 1397 1268 1438 aliis.

225 1487 390 1530 Datum
404 1487 558 1530 ultimo
571 1487 640 1529 die
655 1487 777 1540 Maii,
794 1502 906 1530 anno
920 1487 1044 1543 regni
1058 1487 1191 1543 Regis
1207 1487 1412 1529 HENRICI
1430 1488 1539 1530 sexti
1555 1490 1650 1544 post
1663 1490 1939 1543 conquestum
1952 1488 2115 1543 quinto.

226 1577 324 1620 Seal
344 1578 440 1620 lost.

988 1877 1305 1920 MOXXXIX.

167 1984 582 2028 SETTLEMENT
625 1985 713 2029 BY
754 1985 1004 2028 ROBERT
1044 1985 1369 2029 ANDREWE
1409 1985 1544 2028 AND
1583 1984 1830 2028 OTHERS
1872 1985 1950 2028 OF
1986 1985 2117 2027 THE

311 2076 538 2119 MANOR
580 2076 658 2118 OF
698 2075 1101 2119 LLANDOUGH
1134 2076 1268 2119 AND
1310 2075 1391 2118 ST.
1434 2076 1620 2118 MARY
1660 2076 1941 2129 GHUROH,
1981 2075 2116 2119 AND

311 2166 442 2209 THE
479 2166 725 2210 MOIETY
759 2167 837 2209 OF
870 2167 1000 2210 THE
1037 2167 1263 2209 MANOR
1307 2167 1385 2209 OF
1416 2166 1909 2220 WESTOROHARD‚
1945 2167 2118 2209 UPON

312 2257 694 2309 ELIZABETH,
746 2257 912 2300 LATE
966 2257 1134 2300 WIFE
1195 2257 1273 2300 OF
1329 2257 1578 2300 ROBERT
1632 2257 1986 2310 WALSSOHE,
2043 2257 2115 2300 IN

312 2348 463 2391 TAIL
504 2348 693 2402 MALE,
735 2348 913 2392 WITH
954 2348 1383 2391 REMAINDERS.

885 2455 1116 2512 [MARGAM
1148 2454 1403 2512 CHARTER]

1350 2564 1403 2605 10
1426 2563 1527 2606 Oc‘r.
1590 2565 1614 2605 6
1636 2564 1761 2606 ΗΕΝ.
1785 2563 1866 2607 VI.
1933 2564 2055 2605 1427.

222 2669 369 2712 Sciant
387 2673 603 2726 presentes
625 2672 666 2711 et
686 2669 824 2711 futuri
846 2671 957 2725 quod
979 2685 1055 2712 nos
1078 2671 1317 2712 Rosmzws
1337 2670 1578 2713 ANDREWE
1609 2671 1794 2727 armiger
1817 2704 1825 2712 .
1849 2670 2108 2712 EDMUNDUS

164 2760 350 2802 FFORDE
374 2794 382 2802 .
406 2760 674 2803 NICHOLAUS
696 2760 959 2803 ORICKLADE
983 2795 992 2803 .
1015 2761 1219 2817 magister
1249 2761 1278 2803 J
1281 2775 1491 2803 OHANNES
1522 2761 1818 2803 PEILLERYNE
1849 2764 1892 2803 et
1922 2761 2111 2804 THOMAS

164 2849 412 2893 TAYLLOUR
433 2851 607 2893 clericus
627 2851 882 2893 tradidimus
902 2852 1178 2893 concessimus
1199 2855 1242 2894 et
1265 2852 1344 2893 hac
1363 2852 1549 2907 presenti
1579 2855 1693 2894 carta
1722 2854 1865 2894 nostra
1895 2852 2110 2907 tripartita

163 2940 389 2983 indentata
410 2941 753 2983 confirmavimus
773 2941 1068 2984 ELIZABETHE
1091 2958 1172 2998 que
1193 2942 1278 2984 fuit
1298 2958 1407 2985 uxor
1424 2942 1627 2984 Rossmm
1644 2941 1895 2985 WALSSCHE
1912 2942 2113 2998 armigeri

163 3046 300 3087 nuper
321 3031 485 3074 domini
505 3032 558 3074 de
578 3030 855 3074 LANDOUGH'
876 3034 1017 3074 totum
1036 3033 1274 3075 manerium
1304 3037 1496 3076 nostrum
1517 3034 1570 3094 de
1589 3031 1864 3075 LANDOUGH'
1887 3035 1929 3074 et
1949 3031 2110 3075 SEINT-
