2386 3645
1964 266 2075 309 1349

1028 541 1306 586 MXLVIII.

189 645 568 693 QUIT-OLAJM
619 647 706 690 BY
747 647 1005 691 THOMAS
1051 649 1368 704 PHILIPPE,
1410 652 1691 698 BURGESS
1734 656 1812 700 OF
1860 659 2130 715 KENFEG,

333 737 409 780 ΤΟ
465 737 496 781 J
499 738 636 781 OHN
677 738 997 792 PHILIPPE,
1034 740 1143 783 HIS
1188 741 1460 796 FATHER,
1502 744 1580 787 OF
1620 745 1758 791 TWO
1799 748 2131 796 BURGAGES

333 828 407 872 IN
447 828 706 873 KENFIG.

904 888 1133 944 [MARGAM
1175 890 1433 950 CHARTER]

649 995 816 1039 WEDN.
850 1010 996 1039 AFTER
1027 996 1189 1041 PURIF.
1222 999 1343 1042 ΒΜ.
1406 1001 1431 1043 5
1464 1001 1573 1044 FER.
1636 1004 1661 1045 5
1695 1003 1791 1047 R1c.
1824 1004 1889 1047 II.
1953 1007 2075 1049 1382.

243 1103 456 1147 Omnibus
517 1103 706 1147 CHRISTI
756 1104 954 1148 fidelibus
1004 1107 1059 1148 ad
1109 1121 1290 1162 quorum
1339 1109 1560 1152 notissiam
1606 1111 1693 1167 (sic)
1742 1115 1957 1167 presentes
1996 1114 2136 1157 littere

184 1195 455 1251 pervenerint
498 1228 506 1237 .
549 1194 740 1238 THOMAS
780 1194 1010 1238 Pmmmz
1050 1195 1273 1254 burgensis
1312 1199 1365 1241 de
1405 1198 1620 1243 KENFEG’
1662 1201 1842 1245 salutem
1880 1202 1926 1245 in
1966 1204 2137 1248 domino

185 1286 501 1343 sempiternam.

240 1377 459 1420 Noveritis
490 1392 559 1420 me
584 1377 748 1421 dedisse
779 1378 1004 1421 consesisse
1037 1379 1123 1434 (sie)
1155 1380 1363 1424 remisisse
1387 1381 1597 1425 relaxasse
1629 1385 1670 1425 et
1699 1384 1872 1427 omnino
1900 1400 1975 1441 pro
2002 1400 2071 1428 me
2096 1388 2138 1430 et

186 1467 414 1511 heredibus
444 1468 550 1512 meis
576 1468 880 1526 inperpetuum
911 1469 1305 1526 quietumclamasse
1335 1472 1365 1515 J
1367 1487 1545 1516 OHANNI
1573 1473 1800 1517 PHILIPPE
1829 1476 1942 1532 patri
1971 1491 2065 1519 meo
2094 1479 2136 1521 et

185 1559 413 1603 heredibus
433 1562 476 1602 et
497 1559 726 1617 assignatis
753 1561 840 1603 suis
867 1563 1006 1604 totum
1031 1561 1102 1618 jus
1132 1577 1274 1605 meum
1306 1566 1350 1606 et
1377 1564 1578 1607 clamium
1605 1567 1719 1621 quod
1745 1565 1880 1609 habeo
1910 1566 2042 1610 habui
2069 1568 2137 1610 vel

184 1650 328 1707 aliquo
361 1650 458 1707 jure
499 1650 654 1694 habere
694 1655 841 1708 potero
881 1652 926 1694 in
968 1651 1134 1695 duobus
1168 1653 1389 1710 burgagiis
1425 1655 1552 1697 simul
1587 1655 1826 1712 jacentibus
1865 1657 1911 1699 in
1947 1657 2050 1700 villa
2083 1659 2136 1700 de

182 1740 396 1785 KENFEG'
417 1742 531 1785 inter
559 1741 818 1799 burgagium
839 1742 870 1785 J
871 1758 1072 1786 OHANNIS
1094 1743 1331 1787 AYLWARD
1358 1746 1405 1787 in
1432 1751 1552 1802 parte
1580 1746 1776 1789 orientali
1804 1750 1847 1790 et
1873 1747 2134 1804 burgagium

180 1831 413 1876 JOHANNIS
448 1832 679 1876 Pmmm:
715 1833 762 1876 in
782 1836 904 1891 parte
924 1834 1100 1877 australi
1120 1838 1163 1877 et
1183 1850 1318 1877 unum
1339 1837 1476 1891 capud
1496 1836 1688 1879 extendit
1709 1852 1752 1879 se
1779 1851 1805 1879 a
1828 1837 1971 1893 regale
1991 1837 2061 1879 via
2081 1839 2134 1880 de

179 1923 392 1967 KENFEG'
413 1925 461 1967 in
480 1928 602 1982 parte
623 1925 819 1968 orientali
839 1925 1053 1982 reliquum
1073 1941 1170 1968 vero
1191 1927 1246 1968 ad
1265 1929 1423 1970 terram
1439 1942 1520 1983 que
1533 1930 1707 1970 vocatur
1727 1927 2129 1971 PORSMANSHYLLE.

181 2014 254 2058 Ita
288 2030 388 2059 vero
424 2016 540 2071 quod
575 2031 653 2058 nec
688 2030 768 2072 ego
801 2015 991 2058 THOMAS
1026 2015 1266 2059 PHELIPPE
1301 2032 1379 2059 nec
1413 2017 1588 2060 heredes
1621 2018 1707 2060 mei
1742 2033 1819 2060 nec
1851 2018 2004 2074 aliquis
2025 2018 2133 2061 alius

179 2107 354 2150 nomine
394 2110 538 2150 nostro
579 2107 744 2163 aliquid
782 2107 854 2163 jus
894 2110 969 2150 aut
1009 2107 1210 2150 olamium
1248 2107 1295 2150 in
1334 2108 1534 2164 predictis
1574 2108 1740 2151 duabus
1771 2108 1993 2165 burgagiis
2034 2124 2131 2151 cum

179 2198 376 2241 omnibus
403 2198 489 2241 suis
519 2198 793 2254 pertinenciis
821 2198 873 2240 de
903 2201 1037 2241 setero
1057 2198 1212 2241 habere
1232 2199 1465 2255 poterimus
1487 2233 1496 2241 .
1520 2202 1582 2241 set
1602 2199 1655 2242 ab
1677 2199 1792 2242 omni
1813 2199 1921 2255 juris
1944 2200 2129 2243 remedio

177 2289 369 2332 totaliter
399 2303 548 2332 sumus
577 2289 738 2331 exclusi
769 2289 816 2331 in
848 2292 1114 2346 perpetuum.
1176 2288 1233 2331 In
1264 2289 1332 2346 cuj
1338 2304 1387 2332 us
1419 2290 1481 2332 rei
1512 2290 1804 2333 testimonium
1823 2289 1923 2332 huic
1942 2290 2129 2346 presenti

177 2379 436 2423 relaxaoioni
463 2379 656 2437 sigillum
681 2395 825 2423 meum
846 2380 1035 2436 apposui.
1107 2379 1210 2422 Hiis
1240 2380 1419 2423 testibus
1451 2415 1459 2423 .
1493 2380 1751 2425 WILLELMO
1787 2380 1996 2423 BRYAND'
2031 2395 2128 2423 con-

176 2471 426 2515 stabullario
442 2474 576 2514 castre
595 2472 682 2527 (sie)
700 2472 754 2514 de
775 2470 990 2514 KENFEG’
1007 2505 1016 2513 .
1032 2470 1292 2515 WILLELMO
1308 2471 1437 2514 Mons
1456 2472 1542 2527 (stc)
1563 2472 1755 2528 ejusdem
1770 2471 1870 2513 ville
1886 2471 2097 2527 preposito
2116 2505 2125 2514 .

176 2562 398 2607 JOHANNE
434 2562 609 2605 HERRY
649 2564 808 2605 extunc
842 2561 1006 2605 famulo
1046 2561 1297 2605 WILLELMI
1328 2562 1546 2605 FORNORE
1580 2595 1589 2605 .
1623 2562 1653 2605 J
1656 2576 1842 2604 OHANNE
1875 2561 2081 2605 WALcHE
2114 2595 2123 2604 .

174 2653 402 2696 PHILIPPO
423 2653 635 2698 WALCHE
656 2656 700 2695 et
718 2652 867 2695 multis
888 2653 996 2695 aliis.

233 2744 399 2788 Datum
435 2745 551 2801 apud
582 2743 796 2787 KENFEG'
826 2744 895 2786 die
924 2743 1173 2788 MEchRm
1208 2744 1295 2800 (sio)
1329 2745 1425 2800 post
1453 2743 1612 2786 festum
1643 2742 1962 2785 Purifioacionis
2002 2741 2125 2785 beate

174 2834 336 2879 MAROE
359 2850 473 2879 anno
493 2834 619 2892 regni
639 2834 776 2891 Regis
797 2834 994 2877 RICARDI
1016 2834 1191 2877 secundi
1210 2838 1304 2891 post
1325 2837 1602 2890 conquestum
1623 2833 1785 2890 quinto.

743 2927 876 2969 Oatal.
901 2929 951 2977 of
972 2928 1166 2980 Marqam
1187 2927 1240 2969 M
1242 2927 1335 2979 SS„
1357 2925 1440 2969 No.
1464 2926 1562 2968 403.
