2386 3645
290 260 401 301 1276

229 465 445 508 KENEFIG
466 466 581 508 infra
601 467 840 509 dominium
861 467 1023 509 domini
1039 467 1202 509 comitis
1223 467 1491 509 GLOVERNiE
1513 470 1556 509 et
1576 467 1880 509 HERTFORDIE
1902 470 2111 522 quantum
2131 469 2177 510 in

227 572 295 599 me
317 560 379 599 est
401 558 582 600 concessi
603 561 645 601 et
666 574 741 614 pro
758 574 825 600 me
847 561 889 600 et
910 558 1136 600 heredibus
1156 559 1260 600 meis
1281 562 1324 601 et
1344 558 1570 615 assignatis
1599 558 1798 613 predictis
1825 558 2106 614 burgensibus
2133 563 2176 602 et

226 648 453 691 chenceriis
474 649 579 691 meis
600 650 653 691 de
684 649 850 692 AVENE
883 652 924 691 et
955 665 1100 690 eorum
1132 649 1358 691 heredibus
1380 653 1422 691 et
1448 649 1674 705 assignatis
1694 649 1823 691 libere
1844 649 1985 704 quiete
2006 649 2112 692 bene
2133 653 2176 692 et

223 738 270 781 in
301 754 402 794 pace
437 742 479 781 et
515 740 604 782 51116
641 740 783 795 aliqua
817 740 1059 795 calumpnia
1089 740 1293 782 housbote
1326 744 1367 782 et
1403 740 1586 795 heybote
1618 741 1664 782 in
1700 739 1896 782 omnibus
1931 741 2175 784 nemoribus

224 829 447 872 hominum
467 846 657 872 meorum
680 832 732 873 de
753 846 821 872 me
852 831 1095 873 tenencium
1130 834 1173 873 et
1204 831 1457 873 obtinebunt
1493 847 1759 874 communem
1794 835 2012 887 pasturam
2043 832 2174 875 libere

223 922 266 962 et
285 921 330 962 in
351 936 453 976 pace
473 921 519 962 in
540 927 793 977 perpetuum
814 923 858 963 in
883 921 1077 963 omnibus
1098 922 1198 963 locis
1219 922 1335 964 silvis
1356 923 1488 977 pratis
1508 923 1672 977 pascuis
1705 926 1748 965 et
1772 923 1955 978 pasturis
1987 924 2032 965 in
2065 926 2171 966 tem-

219 1027 320 1067 pore
341 1015 486 1067 aperto
509 1028 634 1067 super
658 1015 816 1054 terram
836 1028 988 1054 meam.
1050 1012 1109 1054 Et
1126 1013 1254 1054 etiam
1276 1013 1396 1054 illam
1417 1016 1635 1069 pasturam
1654 1014 1700 1055 111
1720 1015 1850 1056 latere
1872 1016 1925 1056 de
1955 1015 1994 1057 le
2024 1015 2174 1057 DINAS

219 1118 301 1158 que
342 1105 405 1144 est
444 1103 557 1145 inter
599 1103 927 1145 CARNWENDRA
968 1106 1011 1145 et
1050 1104 1190 1146 locum
1223 1104 1297 1158 qui
1330 1104 1486 1145 dicitur
1518 1103 1835 1147 KAEKEDDREZ
1869 1106 1982 1148 inter
2014 1109 2172 1149 terram

220 1193 424 1236 arabilem
465 1195 517 1236 de
559 1194 799 1235 TYRUSKEZ
839 1209 970 1248 usque
1003 1195 1058 1236 ad
1099 1197 1254 1236 terram
1295 1194 1497 1236 arabilem
1539 1210 1663 1250 super
1702 1196 1742 1237 le
1781 1196 1930 1238 DINAs
1969 1197 2015 1238 in
2056 1198 2172 1239 omni

218 1287 407 1339 tempore
428 1286 541 1327 anni.
604 1285 665 1326 Et
685 1285 965 1341 sicontingat
984 1300 1052 1326 me
1073 1288 1148 1327 aut
1168 1285 1343 1327 heredes
1363 1286 1431 1327 vel
1453 1287 1689 1341 assignatos
1709 1302 1823 1329 meos
1844 1287 1953 1329 circa
1983 1288 2170 1344 aliquam

216 1377 375 1417 terram
399 1376 676 1417 claustruram
699 1375 836 1417 facere
857 1379 900 1416 et
921 1376 1035 1417 dicta
1056 1376 1290 1417 claustrura
1311 1379 1522 1431 prostrata
1543 1377 1670 1418 fuerit
1690 1393 1765 1433 per
1785 1377 1940 1420 bestias
1960 1379 2171 1421 dictorum

217 1466 493 1523 burgensium
526 1483 599 1509 5611
626 1467 938 1509 chenseriorum
969 1471 1170 1509 tenentur
1200 1469 1378 1510 eandem
1414 1469 1691 1510 claustruram
1722 1469 1860 1511 facere
1890 1471 2046 1512 iterum
2073 1486 2171 1513 0011-

213 1560 383 1601 51111616.
447 1558 508 1600 Et
528 1559 657 1600 etiam
678 1558 898 1601 habebunt
919 1574 1185 1601 communem
1206 1563 1424 1615 pasturam
1445 1560 1489 1602 in
1523 1564 1711 1616 tempore
1746 1563 1890 1616 aperto
1927 1561 2168 1604 nemoribus

214 1648 348 1692 boscis
368 1650 500 1705 pratis
519 1650 685 1705 pascuis
706 1652 748 1691 et
769 1650 954 1705 pasturis
974 1650 1198 1692 hominum
1218 1666 1410 1692 meorum
1430 1652 1483 1692 de
1505 1667 1571 1693 1116
1601 1652 1845 1694 tenencium
1878 1653 2169 1709 cujuscunque

218 1741 470 1782 conditionis
491 1740 665 1782 fuerint.

272 1831 332 1873 Et
354 1847 479 1886 super
499 1831 577 1873 hoc
599 1847 677 1887 ego
700 1831 890 1874 THOMAs
912 1832 1024 1875 filius
1044 1833 1208 1875 domini
1228 1834 1257 1876 J
1260 1848 1459 1876 OHANNIs
1489 1835 1541 1876 de
1571 1834 1738 1876 AVENE
1764 1836 1946 1877 concessi
1979 1836 2168 1878 relaxavi

213 1925 256 1964 et
278 1937 353 1977 pro
374 1938 441 1963 me
463 1925 505 1964 et
526 1922 752 1964 heredibus
773 1924 877 1965 meis
898 1923 1092 1978 quietum
1122 1925 1300 1966 clamavi
1331 1924 1526 1966 omnibus
1555 1924 1838 1980 burgensibus
1868 1928 1911 1967 61
1940 1926 2169 1970 011611061115

213 2013 318 2055 meis
339 2028 387 2055 ac
408 2013 605 2055 omnibus
627 2013 870 2056 hominibus
890 2014 1146 2070 Anglicanis
1166 2016 1270 2058 meis
1290 2018 1426 2058 totam
1446 2016 1565 2057 illam
1596 2022 1814 2071 pasturam
1846 2032 1941 2059 cum
1970 2017 2167 2060 omnibus

214 2104 365 2146 averiis
386 2119 531 2146 eorum
550 2105 664 2146 inter
685 2104 1019 2148 POLESKETHAN
1042 2110 1084 2148 et
1106 2105 1434 2149 CLAURPERsoN
1456 2110 1498 2148 et
1518 2108 1630 2148 inter
1651 2108 1842 2149 alnetum
1864 2112 1906 2150 et
1926 2111 2084 2151 terram
2115 2111 2168 2152 de

216 2194 575 2238 CLAURPLEUSAN
607 2200 650 2238 et
682 2200 839 2238 terram
875 2197 927 2238 de
987 2197 1256 2239 TIRMADRIN
1297 2202 1340 2240 61
1381 2198 1511 2240 etiam
1546 2199 1659 2253 quod
1694 2199 1775 2253 ipsi
1815 2200 1978 2254 possint
2013 2199 2168 2243 habere

215 2301 483 2328 communem
514 2291 732 2342 pasturam
763 2287 921 2343 ubique
953 2288 999 2329 in
1035 2289 1176 2330 alneto
1216 2304 1305 2330 meo
1336 2289 1452 2331 omni
1479 2291 1667 2344 tempore
1700 2289 1802 2331 anni
1838 2305 1935 2332 cum
1971 2291 2168 2334 omnibus

215 2378 366 2419 averiis
392 2378 586 2432 (eorum).
649 2377 721 2420 Ita
742 2379 939 2421 videlicet
960 2381 1073 2434 quod
1094 2395 1171 2421 nec
1192 2395 1271 2436 ego
1293 2381 1431 2423 dictus
1463 2380 1652 2422 THOMAs
1680 2396 1757 2422 nec
1785 2381 1959 2423 heredes
1985 2382 2069 2424 mei
2090 2399 2168 2425 neo

215 2468 420 2524 assignati
442 2469 604 2524 aliquid
634 2469 743 2525 juris
772 2470 839 2512 vel
873 2471 1015 2512 clamii
1038 2505 1046 2513 .
1072 2505 1080 2513 .
1107 2504 1115 2512 .
1138 2471 1339 2526 predictis
1375 2471 1643 2514 libertatibus
1677 2472 1846 2528 exigere
1883 2473 2064 2515 clamare
2095 2489 2169 2516 seu

215 2560 438 2601 vendicare
478 2560 665 2615 poterint
706 2562 779 2602 sed
819 2577 894 2617 per
937 2565 1151 2617 presentes
1191 2578 1354 2618 semper
1395 2563 1525 2605 simus
1566 2563 1736 2605 exclusi.
1814 2563 1876 2605 Et
1915 2564 2046 2607 etiam
2086 2580 2165 2622 ego

216 2650 405 2693 THoMAs
427 2652 478 2692 de
500 2652 666 2693 AVENE
690 2654 732 2693 61
756 2652 926 2694 heredes
947 2653 1032 2695 mei
1053 2654 1139 2696 sive
1161 2654 1367 2709 assignati
1401 2669 1545 2696 omnes
1577 2654 1794 2696 libertates
1826 2655 2036 2710 predictas
2072 2671 2168 2698 cum

218 2742 414 2784 omnibus
445 2745 487 2784 61
518 2743 696 2798 singulis
720 2777 730 2786 .
755 2777 763 2785 .
789 2777 797 2785 .
822 2745 1022 2799 predictis
1059 2744 1343 2801 burgensibus
1383 2745 1610 2788 chenceriis
1659 2748 1702 2787 et
1740 2745 1984 2788 hominibus
2024 2761 2169 2790 eorum

215 2833 442 2875 heredibus
491 2833 578 2876 sive
620 2835 848 2890 assignatis
888 2839 1034 2878 contra
1075 2851 1220 2878 omnes
1260 2836 1454 2878 homines
1494 2839 1536 2878 et
1575 2836 1758 2878 feminas
1798 2837 2167 2880 warantizabimus

217 2923 551 2979 acquietabimus
571 2927 614 2966 et
637 2925 914 2968 defendemus
934 2927 1260 2982 imperpetuum.
1324 2927 1408 2969 Pro
1429 2927 1507 2969 hac
1538 2929 1680 2968 autem
1712 2927 1974 2969 concessione
2003 2928 2170 2970 relaxa-⁷

215 3015 333 3057 tione
354 3018 396 3056 et
416 3015 814 3070 quietaclamatione
845 3018 1055 3060 dederunt
1084 3018 1191 3060 mihi
1221 3018 1325 3060 (11011
1345 3017 1576 3074 burgenses
1596 3020 1639 3060 et
1653 3017 1861 3060 chencerii
1881 3019 1986 3060 duas
2008 3033 2168 3062 marcas
