2386 3645
1890 312 2001 354 1453

978 513 1208 555 MXCIII.

116 622 409 666 EXTRAGT
440 622 615 666 FROM
645 620 778 664 THE
809 620 1214 667 INQUISITION
1246 621 1393 664 POST
1424 622 1691 666 MORTEM
1712 624 1790 667 OF
1815 626 2058 670 ROBERT

263 712 642 765 GOUSEHILL,
675 710 1062 764 CHEVALIER,
1096 711 1506 755 OONOERNING
1535 713 1644 755 HIS
1675 714 1935 759 TENURE
1977 717 2054 760 OF

262 804 394 847 THE
425 803 629 847 THIRD
661 802 828 845 PART
860 802 938 844 OF
968 801 1275 846 SWANSEY
1305 802 1439 846 AND
1473 803 1713 848 GOWER.

515 910 637 968 [INQ.
660 909 710 952 P.
733 909 881 952 Mom.
943 911 969 951 5
991 909 1117 952 ΗΕΝ.
1141 909 1224 953 IV.
1286 909 1370 953 No.
1394 911 1464 963 22,
1486 925 1534 954 M.
1558 910 1652 968 29.]

742 1017 945 1060 MONDAY
976 1032 1148 1060 BEFORE
1179 1017 1249 1061 ST.
1282 1017 1455 1061 LUKE'S
1484 1018 1602 1071 DAY,
1636 1021 1690 1061 18
1721 1019 1822 1062 Ocr.
1887 1022 2009 1064 1403.

175 1127 405 1183 Inquisitio
436 1129 559 1182 capta
589 1126 704 1181 apud
735 1125 994 1168 HEREFORD
1015 1125 1084 1167 die
1105 1124 1232 1167 Lune
1252 1126 1446 1181 proxima
1467 1129 1566 1169 ante
1586 1127 1748 1170 festum
1767 1127 1913 1171 Sancti
1943 1127 2068 1171 LUCE

120 1218 381 1275 evangeliste
403 1232 516 1260 anno
536 1217 659 1273 regni
681 1216 815 1273 Regis
836 1216 1043 1258 HENRICI
1066 1216 1208 1272 quarti
1228 1220 1323 1273 post
1344 1222 1621 1273 conquestum
1642 1218 1806 1274 quinto,
1829 1222 1907 1261 etc.

178 1309 266 1356 Qui
286 1309 435 1351 dicunt
457 1341 704 1351 ........
729 1308 844 1363 quod
875 1306 1118 1349 Rossmzws
1149 1307 1412 1350 GOUSEHILL
1443 1308 1628 1351 chivaler
1650 1342 1902 1352 ........
1931 1310 2072 1353 tenuit

119 1401 292 1444 tertiam
323 1404 489 1457 partem
520 1399 645 1442 castri
675 1400 728 1441 de
758 1398 1008 1442 SWEYNSEY
1047 1399 1219 1441 tertiam
1258 1405 1423 1455 partem
1463 1404 1673 1443 terrarum
1713 1416 1761 1443 ac
1801 1401 1980 1444 dominii
2020 1403 2073 1445 de

121 1491 295 1535 Gowm
315 1495 359 1533 et
379 1491 550 1533 tertiam
572 1493 737 1546 partem
757 1490 937 1532 manerii
961 1505 1009 1531 ac
1039 1490 1218 1532 dominii
1252 1491 1305 1532 de
1338 1489 1562 1532 KYLVEYE
1596 1507 1693 1534 cum
1726 1491 1996 1547 pertinentiis
2027 1492 2074 1534 in

127 1582 322 1627 WALLIA
357 1585 407 1624 ut
447 1583 499 1623 de
539 1582 635 1638 jure
676 1581 971 1623 ELIZABETHE
1011 1581 1155 1622 uxoris
1195 1580 1289 1636 ejus
1329 1581 1467 1623 adhuc
1507 1582 1746 1638 superstitis
1785 1597 1867 1638 que
1902 1583 2076 1638 quidem

122 1675 390 1718 ELIZABETH
420 1674 590 1716 easdem
618 1673 766 1715 tertias
805 1675 946 1728 partes
981 1672 1106 1715 castri
1140 1675 1349 1715 terrarum
1388 1673 1675 1716 maneriorum
1707 1688 1755 1717 ac
1787 1674 2073 1717 dominiorum

122 1766 411 1824 predictorum
440 1768 559 1807 tenet
588 1765 634 1806 in
665 1765 808 1806 dotem
840 1779 960 1806 suam
990 1764 1126 1820 ipsam
1157 1764 1209 1806 de
1239 1764 1362 1806 terris
1397 1766 1440 1805 et
1479 1764 1734 1806 tenementis
1778 1779 1859 1820 que
1901 1764 2077 1808 fuerunt

123 1857 291 1901 THOME
312 1872 450 1912 nuper
470 1856 588 1898 ducis
608 1855 654 1899 N
656 1869 937 1898 ORFFOLCHIE
959 1855 1175 1910 quondam
1197 1854 1277 1896 viri
1298 1854 1363 1896 sui
1395 1855 1627 1896 secundum
1657 1855 1797 1911 legem
1824 1858 1867 1897 et
1901 1870 2074 1898 consue-

122 1949 318 1992 tudinem
338 1947 462 2004 regni
482 1947 668 1990 ANGLIE
690 1946 966 2002 contingente
986 1946 1222 1988 reversione
1244 1945 1343 1986 inde
1364 1946 1419 1987 ad
1440 1944 1645 1987 THOMAM
1661 1945 1798 1988 filium
1820 1948 1861 1988 et
1877 1946 2076 1990 heredem

126 2040 319 2097 ejusdem
368 2053 504 2095 nuper
554 2037 672 2080 ducis
722 2042 950 2093 spectante.
1033 2037 1093 2079 Et
1132 2038 1246 2092 quod
1285 2036 1471 2092 predicte
1514 2036 1639 2078 tertie
1678 2040 1819 2092 partes
1858 2037 1982 2079 castri
2024 2038 2077 2080 de

125 2131 396 2175 SWEYNESSY
416 2132 460 2172 et
478 2133 689 2172 terrarum
710 2144 756 2171 ac
777 2128 957 2171 dominii
979 2129 1030 2170 de
1053 2128 1224 2170 Gowssn
1245 2142 1292 2170 ac
1311 2127 1492 2169 manerii
1512 2130 1554 2168 et
1584 2127 1763 2169 dominii
1793 2128 1846 2169 de
1879 2126 2074 2170 KYLVEY

125 2237 223 2266 cum
237 2221 506 2278 pertinentiis
526 2221 670 2262 valent
690 2235 766 2276 per
796 2234 959 2261 annum
989 2219 1034 2261 in
1066 2218 1261 2261 omnibus
1291 2217 1488 2270 exitibus,
1524 2217 1644 2274 [etc]
1683 2232 1741 2260 CC.
1774 2233 1947 2260 marcas.
2010 2218 2074 2261 Et

126 2315 179 2357 de
200 2328 284 2369 quo
305 2313 372 2356 vel
393 2313 446 2354 de
467 2311 620 2367 quibus
640 2311 828 2368 predicte
849 2310 974 2352 tertie
993 2312 1134 2366 partes
1154 2309 1279 2352 castri
1299 2312 1509 2351 terrarum
1529 2308 1815 2350 dominiorum
1836 2311 1878 2350 et
1897 2309 2077 2351 manerii

129 2405 416 2462 predictorum
438 2418 535 2445 cum
554 2402 825 2459 pertinentiis
844 2404 1045 2444 tenentur
1065 2400 1244 2456 predicti
1263 2399 1397 2456 jurati
1417 2399 1630 2456 ignorant.
1692 2398 1816 2441 Idem
1841 2399 2080 2442 ROBERTUS

131 2497 236 2540 obiit
257 2497 326 2538 die
349 2494 526 2537 sabbati
546 2501 664 2537 xxm·
685 2494 754 2535 die
775 2493 805 2536 J
809 2493 885 2535 ulii
905 2492 1058 2534 ultimo
1078 2492 1284 2548 preteriti.

186 2589 369 2626 Elizabeth‚
382 2588 458 2617 wife
473 2588 505 2616 of
521 2586 663 2615 Thomas
678 2586 716 2614 de
733 2585 911 2622 Mowbray‚
926 2584 1016 2612 sixth
1031 2583 1139 2612 Bai-on
1154 2582 1323 2620 Mowbray
1339 2582 1403 2611 and
1418 2581 1488 2610 first
1504 2580 1598 2610 Duke
1613 2581 1647 2609 of
1663 2580 1810 2617 Norffllk,
1827 2590 1892 2609 was
1907 2580 2066 2618 daughter

136 2645 170 2674 of
192 2644 334 2674 Richard
357 2642 540 2679 Pin-Alam,
563 2641 638 2670 Earl
663 2640 696 2669 of
723 2639 879 2676 Arundel,
901 2639 997 2668 sister
1016 2639 1081 2668 and
1106 2638 1213 2668 coheir
1235 2638 1268 2667 of
1292 2637 1434 2666 Thomas
1458 2636 1639 2673 Fitz-Aian,
1663 2635 1739 2665 Earl
1764 2636 1797 2664 of
1824 2636 1978 2673 Arundel,
2003 2636 2067 2665 and

136 2700 251 2730 widow
267 2701 299 2729 of
318 2699 462 2729 william
476 2700 515 2727 de
530 2697 731 2726 Montacute.
773 2695 836 2725 She
852 2695 916 2723 had
932 2695 1004 2724 four
1019 2694 1194 2731 husbands,
1210 2694 1244 2722 of
1261 2693 1366 2722 whom
1381 2693 1431 2722 Sir
1447 2692 1570 2722 Robert
1587 2691 1756 2722 Gousehill
1772 2701 1838 2720 was
1848 2691 1904 2720 the
1916 2691 1990 2728 last,
2002 2691 2066 2720 and

138 2756 211 2786 died
226 2757 244 2785 3
258 2755 372 2793 Henry
387 2754 447 2784 VI.
489 2753 642 2789 Thomas,
668 2752 772 2781 eldest
796 2759 855 2780 son
881 2752 914 2780 ot
936 2750 1078 2779 Thomas
1100 2750 1164 2779 and
1184 2749 1366 2786 Elizabeth,
1385 2748 1559 2785 according
1576 2751 1610 2776 to
1627 2747 1744 2780 Burke.
1766 2747 1895 2776 Eoetinct
1918 2747 2065 2784 Peeraye,

138 2821 170 2850 p.
185 2813 252 2850 388,
267 2811 388 2848 simply
402 2811 478 2839 bore
494 2809 548 2838 the
564 2808 638 2837 title
651 2808 686 2837 of
701 2806 778 2836 Earl
800 2806 954 2843 MarshaL
976 2806 1040 2835 and
1061 2815 1159 2834 never
1182 2806 1245 2834 had
1269 2805 1324 2834 the
1348 2804 1419 2834 title
1443 2805 1475 2833 of
1499 2804 1593 2832 Duke
1617 2803 1649 2832 of
1673 2802 1821 2832 Norfolk.
1863 2802 1929 2831 But
1953 2802 1986 2831 in
2011 2803 2066 2832 the

139 2867 316 2897 Court-roll
332 2867 365 2895 of
380 2866 591 2901 Dovereourt,
606 2865 623 2892 3
639 2863 722 2892 Heu.
737 2862 808 2900 IV„
826 2863 899 2890 1402
918 2861 1011 2900 (Brit.
1029 2861 1124 2898 Mus„
1138 2861 1222 2890 Add,
1240 2860 1315 2889 Roll
1331 2860 1437 2897 25‚750
1453 2869 1493 2888 m.
1510 2860 1553 2896 6),
1577 2859 1616 2887 he
1637 2858 1664 2887 is
1688 2858 1795 2896 styled
1827 2857 2003 2887 ‘Dominus
2027 2858 2067 2887 de

137 2923 298 2961 Moubray
312 2922 453 2959 Segi-ave
467 2924 500 2950 et
515 2919 553 2949 de
569 2918 707 2949 Gower.’
762 2918 811 2947 He
828 2926 894 2946 was
911 2917 1074 2946 beheaded
1089 2920 1124 2945 at
1141 2916 1232 2946 York
1248 2916 1280 2945 in
1299 2916 1383 2944 1405.

187 2980 233 3008 At
247 2979 304 3008 her
317 2977 416 3007 death
431 2976 487 3005 she
502 2975 577 3005 held
592 2974 625 3003 in
642 2974 759 3004 Gower
774 2973 938 3002 oue-third
962 2973 995 3002 ot*
1020 2974 1172 3001 ¹swansea
1194 2972 1260 3000 and
1283 2970 1413 3009 KHvey,
1435 2969 1625 3007 Anglishire
1647 2968 1821 2997 comitatus
1845 2968 1885 2998 de
1909 2968 2067 3007 Pennard,

140 3034 320 3072 Knitehall‚
334 3033 517 3062 Landamor
532 3030 673 3067 Mauors,
688 3029 743 3058 the
759 3028 868 3058 Castle
883 3029 916 3058 of
933 3028 1094 3065 Loughor,
1111 3027 1317 3064 Blackeston‚
1329 3026 1453 3064 Clynne
1474 3025 1596 3070 Potest,
1615 3024 1679 3053 and
1690 3024 1746 3053 the
1758 3024 1845 3053 milis
1860 3028 1893 3053 at
1907 3023 2057 3054 Swansea

143 3090 185 3128 (Ι.
200 3089 295 3127 PM„
308 3089 326 3118 3
341 3088 454 3125 Hem-y
470 3086 544 3123 VI.)
