2386 3645
1903 310 2013 353 1435

976 1016 1227 1060 MLXXX.

119 1125 413 1169 EXTRAOT
444 1125 619 1168 FROM
650 1125 781 1168 THE
813 1125 885 1168 IN
891 1124 1220 1171 QUISITION
1251 1125 1400 1168 POST
1429 1125 1699 1169 MORTEM
1720 1125 1798 1168 OF
1819 1125 2074 1169 THOMAS

262 1216 349 1260 DE
395 1216 725 1269 MOUBRAY,
778 1215 960 1259 DUKE
1012 1215 1091 1258 OF
1148 1215 1462 1268 NORFOLK,
1515 1215 1924 1259 CONOERNING
1968 1216 2075 1259 HIS

258 1307 526 1351 TENURE
573 1307 652 1351 OF
703 1307 1009 1352 SWANSEA
1058 1307 1193 1351 AND
1246 1307 1487 1351 GOWER.

557 1415 678 1473 [INQ.
703 1431 743 1458 P.
766 1430 917 1469 MORT.‚
953 1417 975 1458 1
999 1415 1125 1458 HEN.
1150 1415 1248 1468 IV„
1279 1415 1365 1459 No.
1399 1416 1468 1469 71,
1500 1430 1549 1458 M.
1577 1415 1641 1473 4.]

1366 1508 1387 1549 1
1421 1507 1547 1550 ΗΕΝ.
1571 1506 1653 1550 IV.
1720 1506 2016 1549 1399-1400.

478 1648 1725 1658 ·····························

172 1705 260 1753 Qui
280 1706 430 1749 dicunt
454 1740 725 1749 .......
760 1707 874 1763 quod
897 1740 1083 1749 .....
1110 1705 1300 1748 ΤΗΟΜΑΞ
1321 1707 1411 1749 dux
1431 1705 1770 1749 NORFFOLCHIAE
1799 1736 2070 1748 .......

109 1797 252 1840 tenuit
270 1797 318 1840 in
337 1797 550 1841 dominico
572 1813 647 1841 suo
668 1801 716 1840 ut
738 1799 790 1841 de
811 1798 938 1841 feodo
961 1798 1030 1841 die
1052 1814 1135 1854 quo
1159 1798 1264 1841 obiit
1295 1801 1479 1840 castrum
1509 1799 1561 1840 de
1592 1797 1862 1840 SWEYNSSEY
1894 1831 1902 1840 .
1935 1799 2068 1839 terras

110 1903 160 1931 ac
180 1889 420 1931 dominium
440 1890 493 1931 de
515 1888 688 1931 GOWER
708 1904 756 1931 ao
777 1889 1020 1931 manerium
1041 1892 1083 1931 et
1109 1889 1346 1932 dominium
1367 1890 1419 1931 de
1450 1888 1644 1931 KYLVEY
1674 1904 1771 1931 eum
1799 1888 2069 1944 pertinentiis

111 1979 159 2022 in
191 1979 391 2024 WALLIA
424 1980 477 2022 de
514 1980 688 2022 domino
721 1980 928 2023 RICARDO
966 1996 1102 2036 nuper
1143 1980 1264 2037 Rege
1304 1979 1489 2022 ANJLOE
1523 1980 1705 2022 seeundo
1738 1979 1783 2022 in
1819 1979 1955 2035 capite
1995 1994 2071 2035 per

111 2071 334 2113 servicium
378 2071 564 2113 militare
609 2070 695 2128 [et]
742 2072 887 2114 valent
928 2087 1003 2128 per
1043 2087 1206 2114 annum
1244 2072 1290 2113 in
1322 2071 1518 2114 omnibus
1547 2070 1733 2114 exitibus
1762 2070 1889 2127 juxta
1919 2086 2066 2113 verum

110 2161 298 2204 valorem
334 2162 449 2205 ultra
487 2162 668 2218 reprisas
708 2177 797 2205 Dcc.
837 2178 1010 2205 mareas.
1072 2162 1157 2205 Sed
1197 2163 1346 2205 dieunt
1384 2163 1499 2218 quod
1527 2162 1741 2205 modicum
1770 2164 1938 2218 tempus
1967 2165 2066 2204 ante

112 2251 225 2294 diem
245 2252 385 2295 obitus
406 2253 471 2295 sui
491 2254 605 2308 quod
627 2252 656 2296 J
659 2268 871 2296 OHANNES
892 2253 1143 2296 SKYDMORE
1169 2257 1354 2296 eseaetor
1373 2257 1423 2296 ut
1452 2254 1646 2296 minister
1675 2253 1838 2295 domini
1867 2252 2063 2295 RmARm

108 2356 244 2399 nuper
265 2342 401 2400 Regis
420 2342 605 2386 ANGmE
627 2344 791 2386 dictum
814 2348 999 2387 castrum
1019 2348 1152 2387 terras
1178 2344 1416 2386 manerium
1438 2346 1480 2386 et
1510 2344 1699 2387 dominia
1729 2343 1947 2400 occupavit
1979 2357 2061 2399 quo

108 2433 236 2476 titulo
261 2433 526 2491 [ignorant]

171 2524 249 2554 This
264 2534 331 2554 was
347 2525 488 2555 Thomas
502 2525 542 2554 de
556 2525 735 2564 Mowbray,
752 2527 828 2555 12th
843 2526 948 2555 Baron
979 2526 1159 2565 Mowbray,
1174 2526 1250 2555 Earl
1271 2526 1305 2555 of
1328 2526 1554 2563 Nottingham‚
1577 2526 1651 2555 Earl
1672 2526 1827 2564 Marehal,
1849 2527 1934 2563 1383,
1956 2525 2049 2555 Duke

119 2580 152 2609 of
174 2580 324 2618 Norsolk,
341 2581 426 2610 1397.
467 2581 550 2610 Died
565 2581 761 2619 September,
777 2583 863 2611 1399.
