2386 3645
311 315 422 357 1452

1123 738 1324 782 MXGII.

248 845 464 889 ROYAL
495 845 712 890 GRANT
743 846 819 890 ΤΟ
851 846 953 891 SIR
984 847 1158 891 THOS.
1201 847 1525 891 PUWORTH
1556 847 1634 891 OF
1666 847 1797 891 THE
1833 846 2194 891 FORFEITED

390 937 599 982 LANDS
644 939 722 981 OF
767 938 976 982 JEVAN
1024 939 1104 981 ΑΡ
1146 938 1409 982 JANKYN
1454 939 1732 991 KEMEYO,
1766 938 2019 982 WITHIN
2062 938 2192 982 THE

389 1028 740 1072 LORDSHIPS
801 1029 879 1072 OF
937 1028 1264 1082 NEWPORT,
1315 1029 1816 1083 SEYNGHENYTH,
1863 1030 1997 1073 AND
2039 1030 2196 1074 MOR-

391 1119 707 1163 GANNOOK.

771 1210 913 1268 [ΒΜ.
957 1208 1136 1253 SLOANE
1167 1210 1262 1254 MS.
1296 1211 1424 1263 4597,
1458 1212 1488 1254 f.
1522 1211 1616 1268 82].

1447 1320 1472 1361 3
1495 1318 1596 1362 ΟοΤ.
1660 1320 1684 1360 5
1711 1318 1837 1362 Hm.
1861 1319 1943 1364 IV.
2009 1321 2133 1364 1403.

786 1426 882 1469 PRO
912 1424 1080 1468 THOMA
1112 1426 1363 1479 PUWORTH‚
1397 1426 1651 1469 CHIVALER.

295 1515 392 1560 Rex
413 1517 610 1560 omnibus
631 1519 686 1560 ad.
707 1533 824 1573 quos,
847 1521 940 1570 etc„
963 1517 1158 1560 salutem.

297 1608 449 1651 Sciatis
489 1609 603 1664 quod
643 1610 696 1651 de
736 1609 876 1665 gratia
916 1611 1060 1651 nosfira
1101 1609 1273 1664 speciali
1313 1609 1591 1652 concessimus
1627 1610 1780 1652 dilecto
1818 1613 1859 1652 et
1899 1609 2032 1651 ffideli
2064 1609 2193 1652 militi

238 1702 380 1742 nostro
411 1699 601 1742 THOMAs
638 1699 873 1742 PUWORTH
908 1699 1053 1742 omnia
1087 1702 1222 1742 terras
1253 1703 1295 1742 et
1329 1703 1574 1743 tenementa
1606 1715 1700 1756 quae
1736 1700 1913 1743 fuerunt
1946 1699 1975 1742 J
1980 1715 2098 1742 EVAN
2135 1715 2189 1756 ap

237 1787 267 1833 J
271 1805 428 1832 ANKYN
460 1789 657 1833 KEMEYC
691 1790 806 1833 infra
838 1790 1030 1833 dominia
1065 1790 1118 1833 de
1158 1788 1393 1834 NEWPORT
1435 1790 1639 1834 SEYNGH'
1680 1794 1722 1834 et
1755 1792 2056 1834 MORGANNOK
2097 1806 2194 1833 cum

237 1881 507 1937 pertinentiis
542 1884 585 1924 et
618 1897 713 1937 quae
741 1881 905 1924 ratione
940 1880 1182 1924 rebellionis
1217 1882 1349 1938 ipsius
1384 1881 1414 1925 J
1417 1897 1539 1924 EVAN
1575 1881 1697 1924 nobis
1737 1881 1956 1925 forisfacta
1989 1882 2190 1924 existunt.

234 1971 503 2015 Habendum
524 1975 566 2015 et
586 1973 821 2015 tenendum
842 1973 981 2015 eidem
1002 1972 1192 2016 THOMAs
1213 1974 1268 2015 ad
1289 1976 1425 2016 totam
1455 1974 1590 2016 vitam
1610 1988 1731 2016 suam
1761 1988 1894 2029 usque
1923 1974 1979 2015 ad
2008 1973 2193 2015 valorem

235 2063 522 2120 quadraginta
542 2061 749 2106 librarum
769 2079 844 2119 per
864 2079 1027 2106 annum
1048 2064 1205 2120 absque
1228 2065 1370 2120 aliquo
1391 2064 1512 2107 nobis
1533 2065 1632 2107 inde
1648 2065 1878 2107 reddendo.
1941 2064 2013 2107 Ita
2030 2079 2195 2120 semper

235 2155 351 2211 quod
390 2154 443 2197 de
474 2153 794 2210 superplusagio
825 2155 861 2197 si
890 2156 1005 2211 quod
1035 2155 1168 2197 fuerit]
1197 2155 1319 2198 nobis
1349 2156 1603 2211 respondeat
1632 2157 1682 2197 ut
1711 2158 1775 2197 est
1803 2154 1970 2211 justum
2001 2170 2048 2197 eo
2080 2156 2194 2210 quod

235 2245 352 2288 idem
392 2243 582 2288 THOMAs
617 2244 747 2288 habet
778 2262 831 2288 ex
863 2246 1127 2288 concessione
1164 2250 1309 2288 nostra
1342 2249 1514 2289 centum
1545 2261 1708 2288 marcas
1740 2246 1923 2302 singulis
1960 2246 2084 2288 annis
2117 2261 2195 2302 pro

236 2336 419 2379 termino
440 2336 540 2378 vitae
562 2352 648 2379 suae
673 2338 726 2379 de
756 2352 887 2393 parva
919 2341 1112 2380 custuma
1145 2341 1288 2380 nostra
1320 2338 1366 2380 in
1398 2340 1525 2393 portu
1557 2337 1740 2380 civitatis
1767 2340 1922 2380 nostrae
1952 2336 2192 2380 Lonnomss

236 2443 312 2484 per
332 2443 485 2470 manus
505 2429 860 2471 custumariorum
882 2428 920 2485 ej
926 2431 1076 2471 usdem
1097 2445 1172 2485 pro
1193 2431 1383 2485 tempore
1403 2428 1680 2471 existentium
1701 2444 1788 2471 non
1811 2428 2016 2471 obstante.

297 2517 353 2560 In
374 2519 510 2575 cujuS,
534 2522 610 2561 etc.
673 2518 798 2561 Teste
822 2518 942 2576 Rege
964 2519 1079 2576 apud
1100 2519 1446 2562 HEREFORDIAM
1468 2520 1593 2562 tertio
1625 2520 1694 2563 die
1725 2519 1920 2563 Octobris
1953 2535 2028 2576 per
2051 2519 2194 2576 ipsum

240 2608 420 2666 Regem.

300 2699 406 2729 Jevan
421 2709 463 2737 ap
477 2700 600 2729 Jenkin
617 2700 770 2738 Kemeys,
785 2701 893 2730 whose
907 2701 1001 2730 lands
1017 2711 1098 2731 were
1114 2701 1311 2731 confiscated
1328 2710 1369 2730 on
1385 2701 1440 2730 the
1455 2702 1616 2731 accession
1632 2702 1664 2731 of
1682 2701 1794 2740 Henry
1810 2701 1879 2732 IV„
1895 2711 1962 2730 was
1977 2702 2010 2731 of
2033 2701 2184 2740 Kemeys,

251 2763 298 2785 co.
314 2755 519 2794 Monmouth‚
534 2756 598 2785 and
612 2756 668 2785 the
682 2758 832 2786 ancestor
845 2757 879 2786 of
895 2756 950 2786 the
964 2766 1137 2786 numerous
1154 2757 1310 2786 branches
1331 2757 1365 2786 of
1387 2757 1454 2786 this
1475 2766 1578 2794 name,
1593 2758 1627 2787 of
1649 2757 1755 2786 which
1777 2757 1833 2787 the
1855 2760 1940 2787 most
1963 2757 2185 2787 considerable

253 2820 319 2839 was
342 2812 375 2840 of
400 2811 612 2850 Cefn-Mably
629 2812 661 2840 in
678 2811 889 2850 Glamorgan,
904 2813 973 2842 still
989 2813 1063 2842 held
1078 2815 1122 2852 by
1137 2814 1187 2842 his
1203 2813 1420 2842 descendants
1436 2813 1467 2842 in
1483 2813 1538 2842 the
1554 2814 1672 2844 female
1687 2813 1762 2842 line.
