2386 3645
280 285 391 328 1356

221 495 364 534 nostro
397 490 560 546 aliquid
590 489 700 547 juris
732 489 799 532 vel
833 488 983 532 clamei
1009 487 1055 530 in
1087 487 1200 529 dicta
1237 485 1374 542 placia
1412 483 1614 540 burgagii
1650 496 1747 524 cum
1780 480 1866 522 suis
1896 477 2166 536 pertinentiis

221 581 542 638 quibuscunque
563 581 615 623 de
636 583 773 623 cetero
793 579 962 636 exigere
993 578 1173 621 clamare
1203 591 1278 619 seu
1306 574 1528 618 vendicare
1554 572 1756 615 debemus
1785 572 1861 613 aut
1889 568 2122 626 poterimus
2153 601 2162 610 .

219 671 296 716 Set
325 672 378 715 ab
409 671 605 715 omnibus
635 670 873 714 accionibus
902 669 1005 712 dicti
1034 668 1161 725 piacii
1181 666 1381 724 burgagii
1403 680 1500 708 cum
1528 661 1801 721 pertinenciis
1831 674 1976 704 sumus
2006 657 2165 702 exclusi

219 778 295 820 per
318 761 574 820 [presentes]
598 762 923 818 imperpetuum.
985 760 1042 803 In
1062 759 1184 816 cujus
1203 758 1265 800 rei
1284 756 1577 800 testimonium
1597 754 1789 811 sigillum
1809 765 1953 793 meum
1973 748 2163 806 apposui.

220 853 325 896 Hiis
344 853 522 896 testibus
545 887 552 895 .
577 853 790 895 ROBERTO
810 866 863 907 ap
885 850 1075 893 THOMAS
1094 848 1337 892 vicecomite
1359 847 1606 890 GOUHERIE
1631 878 1640 887 .
1663 843 1922 887 WILLELMO
1944 840 2165 883 MATHEW

219 944 430 1000 preposito
466 944 518 985 de
553 942 830 985 SWEYNYSEY
862 976 870 984 .
903 940 1093 983 THOMAS
1137 939 1225 995 (sio)
1260 936 1542 981 SENGLETON’
1576 969 1586 979 .
1618 935 1830 978 RoBERTo
1866 929 2110 975 KENEPYN'
2155 962 2165 972 .

219 1035 410 1078 THoMAs
436 1035 522 1090 (sic)
549 1034 760 1077 CHARLES
783 1067 790 1075 .
815 1030 1055 1088 THom[A]s
1076 1030 1401 1072 BORTHEWARD
1427 1060 1436 1070 .
1461 1032 1503 1070 et
1523 1026 1630 1069 aliis.

277 1125 443 1168 Datum
475 1126 589 1181 apud
621 1123 964 1166 SWEYNESEYAM
999 1127 1054 1164 x0·
1091 1120 1161 1163 die
1195 1117 1455 1175 Septembris
1484 1131 1597 1159 anno
1624 1132 1657 1159 r.
1686 1115 1741 1158 R.
1773 1115 1970 1157 RmARm
1996 1110 2170 1155 secundi

219 1219 315 1274 post
336 1219 612 1272 conquestum
632 1218 791 1258 octavo.

276 1307 545 1350 Entitled—-‘
561 1303 853 1361 Sweynysey.’

1103 1638 1280 1683 MLIV.

215 1752 415 1797 LEASE
466 1751 554 1795 BY
599 1749 701 1793 SIR
750 1747 1095 1791 LAURENOE
1152 1745 1542 1798 BERKEROLS,
1593 1745 1762 1788 LORD
1814 1744 1893 1788 OF
1942 1743 2163 1795 OOYTY,

355 1843 491 1886 AND
560 1839 927 1884 ELIZABETH
996 1837 1105 1881 HIS
1180 1837 1364 1890 WIFE,
1436 1837 1514 1880 OF
1583 1836 1715 1879 THE
1784 1835 2012 1879 MANOR
2082 1835 2161 1878 OF

358 1932 677 1978 MERTHYR
735 1930 923 1974 MAUR
984 1929 1061 1972 TO
1127 1928 1385 1972 THOMAS
1447 1927 1732 1972 WATKYN
1792 1926 1916 1970 FOR
1965 1925 2167 1969 EIGHT

359 2023 581 2068 YEARs

1059 2077 1134 2134 [e.
1168 2077 1220 2120 e.
1253 2076 1329 2134 Ε]

1280 2185 1600 2228 MICHAELMAS.
1662 2184 1688 2225 8
1720 2182 1916 2226 R1c.11.
1983 2183 2106 2224 1384.

275 2298 486 2342 Omnibus
507 2297 692 2340 OHms'm
713 2295 910 2339 fidelibus
939 2296 995 2338 ad
1014 2310 1119 2351 quos
1139 2309 1310 2351 presens
1331 2294 1535 2350 scriptum
1556 2291 1796 2348 pervenerit
1830 2325 1838 2333 .
1871 2290 2167 2332 LAURENcms

214 2390 489 2433 BERKEROLS
510 2389 631 2431 miles
652 2388 849 2430 dominus
869 2388 922 2430 de
944 2386 1120 2430 OOYTYF
1142 2389 1185 2429 et
1205 2386 1434 2429 ELIZABET
1454 2399 1562 2427 uxor
1581 2399 1676 2426 mea
1707 2383 1888 2425 salutem
1912 2382 1959 2424 in
1980 2381 2165 2423 domino.

216 2481 435 2525 Noveritis
467 2495 544 2523 nos
575 2480 798 2522 tradidisse
831 2479 1077 2521 concessisse
1112 2480 1155 2520 et
1189 2477 1268 2520 hoc
1302 2475 1489 2533 presenti
1529 2475 1682 2531 scripto
1723 2476 1868 2516 nostro
1902 2473 2168 2515 confirmasse

217 2573 383 2616 THOME
418 2571 631 2616 WATKYN
667 2573 807 2613 totum
841 2569 1080 2612 manerium
1112 2571 1306 2611 nostrum
1341 2568 1394 2610 de
1430 2566 1796 2608 MARTHELMAUR
1831 2580 1928 2607 cum
1961 2564 2046 2606 suis
2076 2579 2168 2620 per-

215 2663 413 2707 tinenciis
442 2663 488 2704 in
518 2660 755 2704 redditibus
785 2660 969 2703 serviciis
998 2657 1377 2702 consuetudinibus
1416 2657 1550 2713 pratis
1579 2655 1763 2712 pasturis
1792 2654 1926 2698 boscis
1961 2657 2004 2697 et
2038 2654 2168 2697 vastis

215 2755 328 2797 dicto
348 2753 537 2796 manerio
568 2751 892 2809 pertinentibus.
965 2750 1219 2794 Tenendum
1249 2749 1330 2792 sibi
1359 2747 1588 2791 heredibus
1630 2747 1698 2789 vel
1742 2745 2038 2789 executoribus
2079 2745 2166 2788 suis

215 2861 241 2888 a
265 2846 374 2888 festo
403 2844 550 2887 Sancti
579 2843 840 2886 MICHAELIS
870 2857 982 2885 anno
1012 2841 1136 2898 regni
1167 2840 1302 2897 Regis
1332 2839 1530 2882 RmARm
1561 2837 1734 2880 secundi
1764 2840 1860 2893 post
1890 2838 2168 2892 conquestum

215 2940 363 2980 octavo
384 2951 516 2991 usque
537 2935 593 2977 ad
612 2935 742 2976 finem
761 2933 935 2976 termini
955 2935 1048 2976 octo
1075 2947 1286 2975 annorum
1314 2930 1508 2987 proximo
1538 2929 1808 2985 sequentium
1837 2927 2026 2983 plenarie
2056 2941 2166 2970 com-

215 3028 481 3083 plendorum.
544 3025 781 3068 Reddendo
801 3024 901 3067 inde
922 3023 1147 3067 annuatim
1167 3023 1381 3079 predictus
1411 3020 1600 3064 THoMAs
1620 3019 1795 3062 heredes
1825 3018 1894 3061 vel
1924 3019 2167 3060 executores
