2386 3645
352 307 461 349 1458

1128 695 1399 739 MXOVIII.

287 803 502 846 GRANT
543 803 629 846 BY
670 802 962 847 WILLIAM
1000 802 1083 845 ΑΡ
1125 801 1400 846 HOWELL
1447 802 1530 844 ΑΡ
1575 801 1805 846 STEVIN
1856 801 1932 844 ΤΟ
1973 801 2232 844 THOMAs

457 894 540 937 ΑΡ
580 893 849 937 ΗΟΡΚῩΝ
887 893 969 936 AP
1011 892 1266 936 THOMAs
1309 892 1387 934 OF
1426 892 1635 936 LANDs
1685 892 1758 935 IN
1809 891 2049 936 GOWER.

1142 999 1217 1056 [G.
1242 999 1294 1042 Gr.
1317 999 1392 1056 F.]

1438 1091 1493 1132 20
1515 1090 1642 1134 SEPT.
1705 1092 1730 1132 9
1752 1091 1877 1134 ΗΕΝ.
1900 1091 1982 1135 IV.
2047 1092 2171 1133 1408.

340 1200 487 1243 Sciant
506 1203 719 1256 presentes
750 1201 792 1241 et
821 1197 959 1240 futuri
990 1199 1103 1253 quod
1134 1212 1213 1253 ego
1244 1196 1529 1241 WILLELMus
1550 1214 1603 1254 ap
1634 1199 1841 1241 HOWELL
1861 1215 1916 1255 ap
1938 1199 2107 1242 vam
2129 1199 2228 1242 dedi

281 1291 462 1334 concessi
493 1294 534 1333 et
563 1290 642 1332 hac
673 1289 857 1346 presenti
889 1291 1003 1330 carta
1032 1303 1127 1330 mea
1158 1289 1404 1330 confirmavi
1435 1288 1602 1331 THOME
1634 1304 1688 1344 ap
1719 1289 1921 1332 HOPKYN
1953 1305 2006 1345 ap
2037 1289 2227 1332 THOMAS

281 1381 424 1426 omnia
443 1384 576 1424 terras
596 1385 639 1423 et
659 1383 903 1422 tenementa
922 1394 1016 1421 mea
1036 1379 1223 1434 jacentia
1242 1379 1288 1420 in
1310 1384 1422 1421 certo
1443 1380 1534 1421 loco
1564 1382 1712 1422 vocato
1741 1379 1782 1421 le
1812 1380 2098 1422 VAYRDREVE
2129 1395 2225 1422 cum

280 1473 366 1515 suis
386 1471 657 1528 pertinenciis
677 1471 791 1512 infra
811 1470 1049 1512 dominium
1070 1471 1121 1512 de
1153 1469 1455 1512 SUPRA-Bosco
1478 1470 1723 1513 GOUHERIE
1756 1485 1836 1525 que
1859 1471 2032 1526 quidem
2053 1475 2163 1513 terre
2184 1475 2226 1513 et

277 1566 522 1606 tenementa
558 1563 774 1618 quondam
807 1561 983 1603 fuerunt
1023 1561 1068 1602 in
1109 1560 1306 1603 manibus
1345 1560 1552 1603 HOWELL
1592 1576 1646 1617 ap
1682 1560 1852 1603 vam
1884 1561 2017 1616 patris
2049 1561 2228 1617 predicti

279 1654 541 1698 WILLELMI.
603 1652 869 1695 Habendum
900 1655 943 1694 et
974 1653 1209 1694 tenendum
1240 1652 1383 1694 omnia
1413 1652 1602 1706 predicta
1631 1654 1764 1694 terras
1795 1656 1837 1694 et
1866 1655 2110 1694 tenementa
2130 1667 2228 1694 cum

278 1744 474 1787 omnibus
494 1744 579 1786 suis
599 1743 870 1799 pertinenciis
890 1742 1078 1798 predicto
1109 1742 1276 1784 ΤΗΟΜΕ
1308 1757 1361 1798 ap
1392 1742 1594 1784 HOPKYN
1626 1758 1679 1798 ap
1710 1742 1900 1785 THOMAS
1930 1743 2156 1786 heredibus
2186 1746 2229 1786 et

277 1834 534 1890 assingnatis
554 1833 640 1876 suis
659 1834 974 1889 imperpetuum
991 1834 1043 1874 de
1058 1833 1230 1889 capitali
1246 1833 1418 1875 domino
1434 1832 1550 1876 feodi
1565 1833 1680 1875 iliius
1695 1848 1770 1889 per
1785 1834 1976 1875 redditus
1993 1838 2035 1876 et
2053 1834 2227 1876 servicia

276 1926 377 1968 inde
397 1924 540 1967 debita
561 1927 603 1967 et
624 1925 676 1966 de
692 1924 787 1980 jure
808 1927 1019 1966 consueta.
1082 1923 1143 1965 Et
1164 1938 1244 1979 ego
1265 1939 1363 1966 vero
1384 1924 1598 1980 predictus
1620 1923 1903 1967 Wmmmms
1933 1939 1987 1980 ap
2019 1924 2225 1966 HowEm,

278 2032 331 2073 ap
353 2016 523 2059 vam
545 2019 587 2058 et
606 2015 781 2058 heredes
802 2016 885 2057 mei
907 2015 1050 2057 omnia
1069 2015 1260 2070 predicta
1289 2016 1422 2057 terras
1443 2018 1486 2057 et
1515 2018 1760 2057 tenementa
1790 2030 1886 2057 cum
1916 2015 2112 2057 omnibus
2142 2015 2229 2057 suis

276 2107 549 2165 pertinenciis
571 2106 759 2162 predicto
781 2105 947 2148 ΤΗοΜΕ
979 2120 1032 2161 ap
1064 2105 1267 2148 HOPKYN
1298 2120 1352 2162 ap
1383 2105 1574 2148 THOMAs
1596 2108 1638 2147 et
1657 2105 1882 2148 heredibus
1904 2109 1945 2148 et
1973 2106 2230 2162 assingnatis

278 2201 365 2242 suis
385 2202 531 2241 contra
551 2212 697 2240 omnes
718 2201 867 2254 gentes
887 2197 1258 2240 warantizabimus
1279 2199 1322 2240 et
1341 2197 1656 2252 imperpetuum
1673 2197 1964 2239 defendemus.
2025 2196 2082 2239 In
2103 2197 2226 2253 cujus

278 2291 341 2334 rei
374 2289 666 2332 testimonium
701 2289 800 2330 huic
835 2289 1020 2344 presenti
1060 2291 1173 2331 carte
1208 2288 1399 2345 sigillum
1433 2303 1577 2330 meum
1610 2288 1798 2343 apposui.
1861 2287 1964 2330 Hiis
2002 2287 2181 2330 testibus
2217 2321 2225 2330 .

279 2381 496 2424 Hmmco
517 2378 770 2421 HEYTELEY
790 2382 893 2421 tunc
914 2379 1141 2421 senescallo
1163 2378 1407 2421 GOUHERIE
1431 2412 1439 2421 .
1463 2378 1493 2421 J
1495 2393 1617 2420 EVAN
1639 2378 1745 2420 DUY
1766 2393 1819 2434 ap
1839 2378 1869 2421 J
1872 2393 1994 2420 EVAN
2015 2394 2068 2434 ap
2086 2378 2229 2421 OWEN

280 2472 447 2515 bedello
496 2472 550 2514 de
599 2469 900 2512 SUPRA-Bosco
952 2469 1198 2512 GOUHERIE
1245 2503 1252 2511 .
1300 2468 1558 2513 WILLELMO
1609 2484 1662 2525 ap
1708 2469 1864 2511 DAVID
1906 2484 1958 2525 ap
1999 2469 2186 2512 MEUmc
2219 2503 2227 2511 .

280 2563 493 2607 Rossssmo
514 2577 568 2617 ap
589 2560 814 2605 WILLIAM
841 2575 895 2616 ap
926 2559 1133 2603 HOWELL
1164 2560 1295 2603 VABE
1328 2593 1337 2602 .
1370 2559 1583 2604 Bon-mro
1616 2575 1669 2616 ap
1699 2560 1729 2603 J
1733 2575 1853 2602 EVAN
1884 2576 1938 2616 ap
1970 2561 2113 2602 OWEN
2146 2594 2154 2603 .
2188 2564 2230 2603 et

280 2654 428 2696 multis
449 2652 555 2694 aliis.

338 2745 454 2787 Data
495 2743 610 2798 apud
652 2741 832 2784 SWEYN'
878 2741 1076 2784 vicesimo
1120 2742 1190 2784 die
1237 2740 1498 2798 Septembris
1538 2756 1650 2784 anno
1690 2743 1814 2799 regni
1850 2741 1984 2798 Regis
2023 2741 2229 2784 HENmm

280 2835 421 2892 quarti
441 2840 536 2890 post
556 2836 834 2888 conquestum
854 2847 979 2875 nono.
