2386 3645
1954 283 2062 324 1581

265 488 386 531 nobis
425 487 650 530 heredibus
689 489 732 529 et
771 485 997 541 assignatis
1035 485 1190 527 nostris
1229 486 1460 527 secundum
1494 486 1583 527 vim
1623 486 1805 529 formam
1840 490 1882 529 et
1917 488 2116 531 effectum

264 583 376 623 carte
396 579 574 636 predicti
595 577 821 620 EnwARm
841 576 1062 618 indentate
1082 574 1204 617 nobis
1231 575 1331 617 inde
1351 575 1463 617 facte
1483 576 1606 631 cujus
1626 580 1748 619 tenor
1768 578 1957 633 sequitur
1973 579 2019 621 in
2039 579 2115 621 hec

264 670 393 713 verba
411 686 480 712 :—

324 762 385 815 (2)
421 759 630 802 Omnibus
658 758 845 801 Gnmsn
874 756 1070 799 fidelibus
1094 757 1149 798 ad
1177 771 1280 812 quos
1309 761 1523 812 presentes
1549 758 1671 799 litere
1700 758 1919 801 indentate
1938 774 2113 814 perven-

263 852 374 893 erint
395 851 656 892 EDWARDUS
683 848 954 892 STRADLYNG
975 848 1097 891 miles
1112 849 1294 890 salutem
1313 848 1360 890 in
1381 849 1565 891 domino.
1627 849 1846 892 Noveritis
1865 866 1932 892 me
1953 852 2115 892 dedisse

261 942 507 985 concessisse
547 944 590 983 et
628 955 703 996 per
744 942 959 995 presentes
999 940 1264 982 confirmasse
1305 940 1519 982 HEcho
1564 939 1814 981 BEAUFORD
1855 940 1938 982 Dei
1977 942 2116 997 gratia

261 1033 498 1076 Oardinalis
518 1031 703 1074 ANGLOE
724 1045 805 1086 que
827 1029 1170 1073 WYNTONIENSE
1191 1030 1383 1085 episcopo
1405 1029 1634 1071 MORGANO
1655 1045 1708 1085 ap
1734 1029 1923 1072 JANKYN
1951 1030 2114 1073 KEMYS

258 1128 302 1167 et
350 1124 516 1167 ΤΗΟΜΕ
566 1122 759 1165 LYDDYN
800 1121 1040 1163 manerium
1079 1136 1222 1162 meum
1257 1122 1309 1162 de
1345 1119 1537 1162 LANFEY
1570 1136 1666 1163 cum
1698 1121 1968 1176 pertinenciis
2001 1121 2116 1164 infra

259 1216 496 1258 dominium
536 1215 589 1255 de
633 1213 825 1256 OGMORE
862 1215 1045 1268 quatuor
1091 1215 1305 1281 carucatas
1344 1215 1454 1254 terre
1496 1212 1652 1268 viginti
1692 1212 1880 1268 quinque
1919 1228 2033 1255 acras
2074 1216 2116 1255 et

260 1307 482 1349 dimidiam
517 1305 630 1361 prati
666 1308 836 1347 centum
869 1319 984 1346 acras
1016 1307 1126 1346 terre
1155 1303 1324 1346 arabiJis
1353 1307 1438 1346 tres
1466 1319 1582 1346 acras
1609 1304 1722 1347 bosci
1753 1305 1910 1361 viginti
1937 1308 2118 1360 quatuor

259 1413 375 1440 acras
415 1400 586 1452 pasture
632 1395 856 1451 sexaginta
896 1410 1011 1436 acras
1051 1395 1159 1436 vasti
1199 1399 1242 1437 et
1282 1396 1506 1451 sexaginta
1546 1395 1700 1438 solidos
1739 1396 1873 1437 annui
1912 1397 2115 1438 redditus.

261 1488 527 1530 Habendum
556 1491 598 1529 et
627 1486 862 1529 tenendum
891 1486 1034 1527 omnia
1059 1486 1249 1541 predicta
1269 1487 1508 1528 manerium
1529 1501 1625 1528 cum
1645 1487 1917 1542 pertinenciis
1937 1490 2119 1542 quatuor

260 1581 474 1622 carucatas
508 1581 618 1620 terre
647 1577 803 1633 viginti
837 1577 1025 1632 quinque
1058 1592 1174 1619 acras
1205 1581 1246 1619 et
1274 1577 1497 1620 dimidiam
1527 1578 1639 1633 prati
1667 1581 1837 1620 centum
1866 1593 1981 1620 acras
2010 1581 2120 1620 terre

257 1670 428 1713 arabilis
455 1673 539 1712 tres
560 1684 675 1711 acras
695 1668 809 1711 bosci
829 1669 986 1725 viginti
1008 1671 1189 1723 quatuor
1220 1683 1334 1710 acras
1354 1672 1526 1724 pasture
1547 1669 1772 1725 sexaginta
1802 1684 1917 1711 acras
1938 1669 2047 1711 vasti
2075 1672 2118 1711 et

255 1762 479 1817 sexaginta
520 1761 674 1803 solidos
715 1760 848 1802 annui
887 1760 1078 1802 redditus
1117 1759 1295 1814 prefatis
1335 1758 1554 1801 Cardinali
1595 1758 1824 1801 MoReANo
1865 1764 1907 1801 et
1949 1759 2116 1801 ΤΗΟΜΕ

256 1852 482 1895 heredibus
517 1856 559 1894 et
592 1851 819 1908 assignatis
855 1851 940 1893 suis
972 1851 1287 1907 imperpetuum
1321 1851 1373 1892 de
1407 1849 1658 1906 capitalibus
1687 1850 1869 1892 dominis
1896 1850 2118 1892 feodorum

254 1944 427 1985 iliorum
462 1957 537 1999 per
571 1942 764 1984 redditus
797 1945 840 1984 et
875 1942 1049 1985 servicia
1083 1942 1182 1983 inde
1212 1941 1356 1983 debita
1378 1945 1419 1983 et
1448 1945 1659 1983 consueta.
1721 1940 1781 1982 Et
1803 1956 1882 1998 ego
1903 1941 2117 1997 predictus

255 2034 518 2077 EDWARDUS
539 2036 582 2075 et
601 2033 776 2075 heredes
791 2034 877 2075 mei
893 2033 1036 2076 omnia
1055 2033 1245 2088 predicta
1264 2032 1504 2074 manerium
1525 2047 1621 2073 cum
1641 2031 1914 2087 pertinenciis
1934 2035 2117 2087 quatuor

253 2128 469 2168 carucatas
504 2129 614 2167 terre
643 2124 801 2181 viginti
835 2124 1023 2180 quinque
1059 2138 1174 2165 acras
1207 2126 1249 2165 et
1275 2123 1498 2164 dimidiam
1533 2122 1645 2177 prati
1679 2124 1849 2164 centum
1871 2137 1986 2164 acras
2006 2124 2116 2163 terre

254 2216 426 2259 arabilis
453 2219 539 2258 tres
568 2231 683 2258 acras
710 2215 824 2257 bosci
842 2215 1000 2271 viginti
1029 2222 1210 2270 quatuor
1231 2229 1347 2256 acras
1366 2216 1537 2268 pasture
1559 2212 1782 2268 sexaginta
1803 2227 1918 2254 acras
1937 2212 2046 2254 vasti
2073 2215 2116 2254 et

253 2307 478 2364 sexaginta
528 2307 682 2349 solidos
733 2306 867 2348 annui
915 2306 1107 2348 redditus
1162 2308 1211 2346 ut
1261 2304 1501 2360 predictum
1550 2306 1614 2345 est
1662 2302 1838 2359 prefatis
1898 2302 2115 2345 Cardinali

250 2398 482 2441 MORGANO
532 2402 574 2440 et
624 2397 792 2440 ΤΗΟΜΕ
842 2396 1068 2439 heredibus
1118 2400 1160 2438 et
1200 2395 1427 2451 assignatis
1467 2394 1553 2436 suis
1594 2397 1739 2436 contra
1779 2408 1924 2436 omnes
1963 2396 2112 2448 gentes

248 2488 619 2531 warantizabimus
659 2487 994 2543 acquietabimus
1035 2491 1077 2529 et
1115 2487 1431 2542 imperpetuum
1471 2484 1750 2528 defendemus
1782 2499 1857 2540 per
1883 2487 2109 2539 presentes.

247 2579 305 2622 In
337 2580 460 2636 cujus
492 2579 553 2621 rei
589 2578 881 2621 testimonium
911 2578 1010 2620 huic
1037 2577 1224 2634 presenti
1251 2580 1362 2619 carte
1389 2591 1481 2619 mee
1507 2576 1729 2618 indentate
1757 2575 1947 2631 sigillum
1967 2590 2110 2617 meum

247 2672 436 2728 apposui.
499 2670 602 2713 Hiis
632 2670 812 2736 testibus
850 2704 858 2712 .
896 2670 926 2712 J
928 2684 1116 2712 OHANNE
1150 2668 1218 2711 ST.
1258 2668 1384 2711 JOHN
1419 2667 1558 2709 milite
1599 2700 1608 2708 .
1645 2665 1815 2708 ΤΗΟΜΑ
1851 2665 2108 2707 MALYFANT

248 2762 410 2804 seniore
433 2795 441 2803 .
465 2760 687 2804 JOHANNE
702 2760 743 2802 le
758 2760 880 2802 ΕῙΒΕ
903 2794 911 2802 .
935 2759 1194 2803 WILLELMO
1215 2758 1444 2800 FLEMYNG
1463 2791 1472 2799 .
1491 2757 1659 2800 ΤΗοΜΑ
1675 2755 1873 2798 NERBER
1888 2755 2108 2811 armigeris

245 2857 288 2895 et
309 2852 416 2895 aliis.

303 2945 468 2987 Datum
488 2944 625 3000 primo
641 2943 710 2985 die
730 2942 894 2998 Aprilis
915 2956 1028 2984 anno
1048 2940 1172 2998 regni
1193 2940 1328 2996 Regis
1347 2938 1554 2981 Hmuum
1575 2941 1693 2981 sexto
1713 2940 1808 2994 post
1829 2938 2105 2992 conquestum

244 3035 428 3078 Anam
450 3034 641 3090 septimo.
707 3032 881 3090 [1429]
