2386 3645
1954 306 2064 347 1589

1010 629 1297 674 MGLXVII.

286 735 499 779 GRANT
540 736 626 779 BY
666 735 958 779 WILLIAM
999 736 1228 780 HARRY
1268 737 1344 780 To
1385 738 1661 782 HOWELL
1695 740 1904 783 CARNE
1946 741 2024 784 OF

783 826 958 870 LAND
999 826 1073 870 IN
1113 827 1527 872 LYSWORNEY.

993 933 1175 990 [CARNE
1197 935 1312 991 MS]

1302 1043 1354 1084 13
1382 1042 1488 1086 JAN.
1549 1044 1603 1086 21
1633 1043 1757 1086 ΗΕΝ.
1790 1044 1872 1088 VI.
1939 1046 2061 1088 1443.

236 1147 381 1190 Sciant
413 1150 626 1203 presentes
653 1151 697 1190 et
726 1148 864 1191 futuri
884 1150 999 1205 quod
1027 1165 1105 1206 ego
1127 1150 1411 1194 WILLELMUS
1441 1151 1613 1193 HARRY
1642 1152 1741 1194 dedi
1774 1153 1955 1194 concessi
1976 1156 2019 1195 et
2044 1153 2121 1196 hac

178 1238 365 1293 presenti
385 1241 500 1280 carta
518 1253 613 1280 mea
634 1239 879 1281 confirmavi
907 1239 1140 1282 HOWELLo
1162 1240 1318 1284 CARNE
1348 1242 1570 1284 dimidiam
1594 1257 1734 1284 acram
1767 1243 1878 1298 prati
1909 1243 2121 1299 jacentem

176 1329 222 1371 in
252 1329 508 1371 LYSWORNY
541 1329 652 1371 inter
682 1334 854 1386 pratum
884 1331 988 1373 dicti
1025 1331 1249 1374 HOWELLI
1279 1333 1325 1375 in
1358 1337 1477 1389 parte
1511 1334 1686 1376 australi
1720 1337 1761 1375 et
1795 1338 1925 1377 terras
1959 1335 2122 1377 domini

176 1421 341 1463 comitis
368 1419 588 1463 WARWICI
615 1421 661 1463 in
687 1424 807 1477 parte
827 1421 986 1464 boreali
1006 1426 1048 1465 et
1075 1427 1245 1478 pratum
1269 1424 1298 1466 J
1301 1438 1500 1466 OHANNIS
1525 1424 1696 1466 MONDY
1715 1425 1761 1466 in
1783 1430 1902 1480 parte
1926 1426 2121 1468 orientali

178 1516 220 1554 et
252 1514 422 1567 pratum
458 1511 487 1554 J
489 1526 688 1554 OHANNIS
728 1512 896 1555 HULLE
932 1513 978 1555 in
1012 1516 1132 1569 parte
1164 1515 1425 1557 occidentali.
1508 1514 1772 1557 Habendum
1807 1518 1849 1557 et
1888 1517 2121 1559 tenendum

175 1603 410 1659 predictam
439 1603 663 1646 dimidiam
684 1618 824 1646 acram
843 1605 956 1660 prati
980 1620 1076 1647 cum
1097 1605 1183 1647 suis
1203 1605 1474 1661 pertinenciis
1500 1605 1664 1660 prefato
1693 1605 1933 1648 HOWELLo
1961 1606 2119 1649 CARNE

174 1693 399 1736 heredibus
431 1698 473 1736 et
506 1694 731 1750 assignatis
766 1695 852 1736 suis
891 1695 1205 1750 imperpetuum
1246 1697 1298 1738 de
1331 1696 1502 1751 capitali
1543 1696 1714 1738 domino
1750 1697 1864 1739 feodi
1899 1697 2015 1740 illius
2047 1713 2122 1753 per

174 1784 366 1827 redditus
393 1787 435 1827 et
455 1785 630 1827 servicia
649 1785 750 1827 inde
774 1785 892 1841 prius
911 1785 1055 1828 debita
1076 1789 1118 1828 et
1139 1787 1190 1828 de
1210 1786 1305 1843 jure
1328 1790 1537 1829 consueta.
1611 1786 1670 1829 Et
1691 1802 1770 1843 ego
1790 1803 1888 1829 vero
1909 1788 2122 1843 predictus

173 1874 458 1918 WILLELMUS
493 1875 666 1917 HARRY
699 1879 740 1918 et
768 1875 943 1919 heredes
973 1876 1058 1918 mei
1089 1877 1322 1932 predictam
1350 1877 1574 1918 dimidiam
1599 1892 1739 1919 acram
1767 1878 1878 1933 prati
1904 1893 2000 1920 cum
2034 1878 2121 1921 suis

171 1966 442 2022 pertinenciis
466 1966 632 2022 prefato
661 1966 896 2009 HOWELLO
927 1966 1084 2009 CARNE
1106 1967 1331 2010 heredibus
1357 1970 1399 2010 et
1430 1968 1655 2024 assignatis
1684 1968 1769 2011 suis
1799 1971 1944 2011 contra
1972 1985 2118 2013 omnes

171 2060 320 2114 gentes
340 2057 709 2101 warantizabimus
741 2062 783 2101 et
807 2058 1122 2115 imperpetuum
1150 2059 1440 2102 defendemus.
1508 2058 1565 2100 In
1596 2060 1718 2114 cujus
1741 2060 1803 2102 rei
1826 2060 2118 2104 testimonium

170 2148 270 2191 huic
308 2149 494 2205 presenti
534 2152 646 2192 carte
686 2164 779 2192 mee
819 2149 1011 2206 sigillum
1045 2164 1189 2192 meum
1236 2150 1424 2206 apposui.
1506 2150 1609 2192 Hiis
1647 2150 1825 2193 testibus
1861 2185 1870 2194 .
1906 2151 2118 2194 Romamn

170 2238 393 2282 RAGELAN
427 2274 436 2283 .
467 2239 725 2284 WILLELMo
746 2240 973 2283 FLEMYNG
1006 2274 1014 2282 .
1042 2240 1299 2284 WILLELMO
1321 2242 1460 2283 ADAM
1493 2274 1501 2283 .
1534 2240 1687 2284 JEVAN
1709 2241 1845 2284 THUE
1879 2275 1889 2284 .
1921 2241 2115 2285 LLEWYS

169 2329 306 2373 Dim(
338 2365 347 2373 .
380 2333 423 2374 et
451 2331 599 2374 multis
629 2331 735 2374 aliis.

224 2421 389 2464 Datum
435 2422 481 2464 in
527 2422 636 2465 sesto
685 2421 832 2464 Sancti
879 2422 1076 2464 HILARH
1117 2437 1229 2465 anno
1265 2423 1388 2479 regni
1438 2423 1572 2479 Regis
1611 2423 1817 2466 HENRICI
1861 2424 1968 2466 sexti
2018 2426 2112 2479 post

165 2516 442 2568 conquestum
476 2513 661 2556 ANGLIE
693 2513 890 2556 vicesimo
926 2513 1075 2568 primo.

219 2601 316 2645 Seal
336 2603 525 2655 circular,
545 2606 630 2646 two
650 2603 794 2646 inches
815 2605 1032 2656 diameter,
1054 2604 1099 2647 of
1118 2604 1288 2646 reddish
1309 2619 1415 2647 wax.
1478 2604 1570 2647 The
1592 2605 1736 2647 device
1756 2605 1792 2647 is
1812 2604 2016 2660 illegible.

224 2690 436 2731 Llysworney
450 2702 517 2722 was
532 2692 588 2722 the
602 2693 706 2722 buria]
726 2692 817 2730 place
832 2695 866 2723 of
884 2694 939 2724 the
959 2693 1087 2724 Carnes.
1129 2694 1171 2724 Of
1194 2694 1338 2723 william
1353 2693 1471 2732 Han-y,
1484 2693 1631 2724 William
1653 2695 1768 2732 Adam,
1793 2695 1856 2723 and
1877 2694 1981 2724 Lewis
2006 2693 2101 2731 Davy

173 2746 314 2785 nothing
337 2747 363 2776 is
385 2747 516 2778 known.
556 2748 662 2777 Jevan
686 2749 777 2778 Thue
800 2759 876 2788 may
899 2750 937 2779 be
961 2749 1017 2779 the
1040 2749 1166 2779 ‘Jevan
1181 2759 1223 2787 ap
1242 2749 1406 2788 Llewelyn
1429 2749 1530 2787 Gom,
1554 2749 1637 2780 alias
1659 2749 1747 2788 Map'
1763 2750 1876 2786 Dhue‚’
1901 2750 1935 2778 of
1957 2749 2012 2778 the
2035 2751 2101 2777 two

175 2801 326 2832 Charters
349 2804 382 2833 of
408 2805 493 2843 1441,
516 2805 648 2842 already
672 2804 778 2842 given.
828 2805 949 2835 Robert
979 2805 1109 2843 Raglan
1134 2806 1160 2834 is
1189 2805 1347 2843 probably
1372 2806 1404 2834 of
1435 2805 1632 2844 Oarnllwyd,
1657 2815 1715 2835 son
1741 2807 1774 2835 of
1802 2806 1900 2840 John,
1929 2805 2001 2834 who
2029 2804 2100 2833 first

172 2859 322 2888 assumed
346 2859 419 2889 that
443 2869 546 2890 name.
590 2859 732 2890 william
756 2860 905 2899 Fleming
926 2870 991 2890 was
1016 2860 1175 2899 probably
1200 2861 1234 2890 of
1257 2860 1481 2898 Flemingston
1506 2870 1541 2890 or
1562 2861 1731 2890 Flimston.
1773 2861 1842 2890 The
1865 2861 1944 2890 then
1969 2859 2045 2889 Earl
2064 2859 2098 2889 of

173 2913 338 2945 Warwick
361 2925 428 2945 was
452 2916 566 2954 Henry
590 2916 628 2946 de
649 2916 865 2954 Beauchamp.
