2386 3645
270 318 381 360 1476

208 525 380 581 insuper
393 541 445 567 ex
464 540 580 567 mero
600 527 720 567 motu
736 526 879 566 nostro
895 522 948 565 ob
961 522 1244 565 reverenciam
1266 521 1348 564 Dei
1369 525 1411 564 et
1432 521 1620 564 caritatis
1639 520 1802 562 intuitu
1822 520 2150 575 perdonavimus

210 617 368 658 eisdem
389 615 533 658 abbati
561 619 603 658 et
631 615 857 658 conventui
886 618 1042 657 sectam
1067 614 1180 669 pacis
1204 615 1345 655 nostre
1373 628 1454 668 que
1480 614 1535 655 ad
1563 627 1638 654 nos
1663 627 1806 654 versus
1830 611 1941 666 ipsos
1968 612 2151 666 pertinet

210 723 285 763 pro
316 707 569 750 omnimodis
593 707 907 763 prodicionibus
930 706 1114 748 murdris
1143 705 1334 760 raptibus
1363 705 1590 746 mulierum
1619 703 1920 745 rebellionibus
1945 703 2149 746 insurrec-

211 798 401 841 cionibus
428 798 598 841 feloniis
625 796 1006 853 conspiracionibus
1037 811 1083 837 ac
1114 796 1207 837 aliis
1238 795 1639 851 transgressionibus
1664 794 1835 836 offensis
1865 794 2153 850 neglegenciis

211 888 519 932 extorsionibus
551 886 895 944 mesprisionibus
929 886 1187 943 ignoranciis
1221 885 1532 940 contemptibus
1564 884 1888 927 concelamentis
1924 888 1967 926 et
2003 885 2150 940 decep-

210 979 400 1023 oionibus
429 995 504 1035 per
533 979 644 1036 ipsos
674 983 772 1020 ante
804 978 964 1020 dictum
995 980 1190 1019 octavum
1221 977 1334 1018 diem
1366 975 1611 1018 Decembris
1639 976 2000 1031 qualitercumque
2028 975 2152 1019 factis

209 1070 295 1112 sive
322 1070 573 1126 perpetratis
601 1071 783 1112 murdris
811 1084 886 1124 per
909 1069 1020 1123 ipsos
1050 1070 1145 1123 post
1165 1067 1376 1109 decimum
1397 1082 1559 1108 nonum
1579 1066 1693 1108 diem
1721 1065 1977 1109 Novembris
2001 1067 2150 1109 ultimo

207 1162 458 1217 preteritum
488 1160 738 1217 perpetratis
765 1159 800 1201 si
828 1174 908 1214 que
936 1157 1098 1199 fuerint
1126 1157 1310 1212 exceptis
1337 1158 1451 1198 unde
1478 1156 1660 1212 judicati
1690 1157 1839 1199 rectati
1860 1158 1926 1199 vel
1948 1158 2151 1213 appellati

207 1252 397 1294 existunt
430 1285 438 1294 .
471 1252 537 1294 Ac
553 1252 685 1293 eciam
706 1250 938 1306 utlagariae
954 1251 988 1291 si
1010 1264 1090 1304 que
1107 1249 1151 1290 in
1172 1249 1283 1303 ipsos
1303 1248 1385 1289 hiis
1406 1247 1690 1289 occasionibus
1706 1247 1868 1289 fuerint
1882 1248 2151 1304 promulgate

211 1347 253 1385 et
273 1344 439 1386 firmam
460 1358 605 1399 pacem
626 1346 813 1385 nostram
834 1342 893 1383 eis
913 1341 1013 1382 inde
1042 1339 1309 1382 concedimus
1342 1371 1350 1380 .
1385 1338 1500 1381 Dum
1525 1341 1666 1380 tamen
1687 1338 1817 1380 iidem
1839 1337 1968 1381 abbas
1988 1343 2030 1380 et
2052 1354 2149 1381 con-

207 1441 359 1476 ventus
386 1434 712 1476 controfactores
740 1433 907 1475 mistere
939 1434 1107 1473 monete
1133 1434 1176 1472 et
1197 1430 1369 1486 cunagii
1389 1429 1739 1484 multiplicatores
1760 1433 1803 1471 et
1823 1429 1975 1471 lotores
1996 1429 2088 1471 auri
2111 1434 2153 1472 et

207 1525 375 1581 argenti
396 1540 490 1567 cum
518 1539 649 1567 cuneo
677 1528 819 1566 nostro
848 1525 1099 1564 cunatorum
1131 1524 1172 1563 et
1199 1523 1388 1563 tonsores
1417 1524 1583 1562 monete
1604 1522 1745 1562 nostre
1776 1520 2020 1575 probatores
2041 1536 2151 1563 com-

202 1631 352 1658 munes
386 1619 428 1658 et
458 1615 614 1658 notorii
644 1616 828 1658 latrones
862 1630 934 1656 seu
966 1614 1128 1655 felones
1158 1612 1232 1668 qui
1264 1612 1581 1668 abjuracionem
1614 1610 1802 1654 fecerant
1833 1627 1919 1653 non
1950 1611 2147 1653 existant.

201 1706 273 1749 Ita
300 1713 444 1749 tamen
472 1708 586 1762 quod
614 1709 728 1748 stent
752 1709 865 1747 recto
894 1706 936 1747 in
972 1705 1088 1747 curia
1115 1711 1257 1746 nostro
1290 1704 1325 1745 si
1350 1703 1443 1759 quis
1466 1717 1607 1744 versus
1635 1718 1703 1744 eos
1723 1702 1841 1757 loqui
1862 1703 2074 1745 voluerint
2099 1704 2151 1745 de

204 1798 415 1854 premissis
437 1798 504 1840 vel
526 1797 668 1853 aliquo
689 1800 1000 1853 premissorum.
1062 1795 1123 1837 Et
1142 1794 1321 1837 ulterius
1342 1795 1394 1836 de
1414 1793 1597 1836 uberiori
1618 1792 1757 1849 gratia
1778 1796 1921 1835 nostra
1942 1795 2147 1849 perdona-

201 1891 338 1932 vimus
371 1896 413 1931 et
444 1889 729 1931 relaxavimus
762 1889 919 1930 eisdem
957 1887 1101 1930 abbati
1134 1892 1176 1928 et
1209 1885 1435 1929 conventui
1477 1885 1720 1927 omnimoda
1765 1885 1927 1940 escapia
1959 1885 2151 1927 felonum

200 1982 352 2024 catalla
384 1981 574 2023 felonum
605 1983 647 2022 et
675 1980 955 2036 fugitivorum
991 1978 1144 2020 catalla
1177 1977 1467 2033 utlagatorum
1489 1981 1532 2018 et
1553 1976 1743 2017 felonum
1775 1976 1827 2017 de
1858 1990 1900 2017 sc
1922 1977 2148 2018 deudanda

201 2076 321 2116 vasta
361 2072 651 2128 impeticiones
693 2087 740 2114 ac
790 2071 1053 2113 omnimodos
1103 2069 1301 2112 articulos
1351 2067 1514 2110 itineris
1564 2067 1871 2109 destrucciones
1921 2070 1964 2109 et
2014 2070 2150 2110 trans-

201 2165 434 2221 gressiones
465 2165 516 2206 de
548 2163 673 2205 viridi
704 2163 770 2205 vel
800 2162 1029 2205 venacione
1058 2161 1327 2204 vendiciones
1354 2159 1575 2202 boscorum
1607 2158 1721 2200 infra
1746 2158 1923 2201 forestas
1955 2162 1998 2201 et
2030 2165 2149 2202 extra

204 2258 247 2298 et
309 2255 413 2297 alias
470 2269 535 2296 res
591 2269 877 2310 quascumque
934 2256 1033 2295 ante
1091 2252 1253 2294 dictum
1309 2253 1505 2293 octavum
1567 2249 1680 2291 diem
1735 2248 1982 2292 Decembris
2036 2250 2150 2293 infra

201 2362 384 2403 regnum
415 2349 608 2388 nostrum
648 2346 832 2387 ANGLIE
874 2348 916 2386 et
951 2346 1092 2399 partes
1122 2342 1319 2386 WALLIE
1349 2356 1530 2384 emersas
1561 2343 1603 2382 et
1634 2343 1805 2382 eventas
1836 2341 1949 2382 unde
1979 2341 2149 2396 punicio

203 2439 369 2481 caderet
401 2438 446 2479 in
479 2438 736 2479 demandam
772 2436 965 2478 debitum
999 2450 1071 2476 seu
1106 2434 1237 2476 finem
1270 2435 1312 2475 et
1346 2431 1684 2488 redempcionem
1712 2434 1788 2473 aut
1811 2431 1858 2472 in
1889 2431 1992 2473 alias
2022 2447 2153 2488 penas

202 2528 466 2585 pecuniarias
486 2543 560 2569 seu
580 2528 625 2569 in
646 2527 962 2569 forisfacturam
982 2527 1191 2569 bonorum
1213 2528 1256 2568 et
1276 2525 1524 2568 catallorum
1559 2527 1633 2566 aut
1665 2524 2043 2580 imprisonamenta
2079 2541 2152 2568 seu

204 2620 530 2662 amerciamenta
550 2617 904 2660 communitatum
924 2618 1124 2660 villarum
1145 2617 1212 2659 vel
1232 2616 1516 2673 singularium
1537 2630 1812 2671 personarum
1833 2630 1906 2657 seu
1926 2616 1972 2657 in
2003 2631 2148 2659 onera-

204 2711 368 2754 cionem
397 2709 519 2753 liberi
548 2710 782 2752 tenementi
816 2724 964 2751 eorum
995 2709 1069 2764 qui
1101 2723 1336 2763 numquam
1370 2706 1622 2763 transgressi
1654 2706 1831 2748 fuerunt
1866 2709 1916 2748 ut
1947 2706 2151 2750 heredum

204 2806 474 2845 executorum
495 2801 563 2843 vel
583 2804 692 2843 terre
713 2801 955 2843 tenencium
979 2803 1237 2842 escaetorum
1260 2798 1555 2841 vicecomitum
1581 2799 1875 2840 coronatorum
1900 2806 1941 2840 et
1969 2798 2151 2842 aliorum

201 2892 448 2950 hujusmodi
469 2895 511 2935 et
531 2907 655 2935 omne
675 2892 720 2934 id
742 2892 856 2947 quod
877 2892 932 2933 ad
951 2906 1029 2933 nos
1058 2906 1202 2933 versus
1230 2890 1343 2946 ipsos
1369 2889 1580 2945 pertinere
1610 2891 1781 2944 possent
1815 2888 1901 2943 (sie)
1937 2903 1990 2930 ex
2015 2890 2149 2931 causis

199 2983 449 3040 supradictis
481 3016 489 3024 .
522 2982 589 3025 Ac
609 2983 743 3025 eciam
763 2982 1028 3024 omnimodas
1058 2981 1311 3024 donaciones
1335 2979 1617 3022 alienaciones
1645 2982 1687 3021 et
1716 2978 2044 3033 perquisiciones
2070 2994 2146 3035 per

201 3075 313 3131 ipsos
333 3075 385 3116 de
405 3073 528 3116 terris
547 3076 590 3116 et
608 3073 863 3116 tenementis
883 3074 937 3116 de
956 3072 1079 3115 nobis
1098 3072 1167 3114 vel
1187 3056 1528 3128 progenitoribus
1548 3069 1702 3112 nostris
1728 3069 1944 3124 quondam
1975 3069 2148 3124 regibus
