2386 3645
301 269 412 310 1414

293 475 473 518 Necnon
493 475 770 518 concessimus
790 475 947 518 eisdem
968 474 1250 532 burgensibus
1269 474 1423 517 nostris
1443 475 1557 530 quod
1577 475 1658 530 ipsi
1679 480 1721 517 et
1737 474 1910 517 heredes
1926 475 1992 517 sui
2007 476 2184 531 guidam

234 567 347 610 inter
376 581 445 610 eos
469 567 607 610 facere
635 567 795 623 possint
825 582 908 622 quo
938 570 1126 622 tempore
1162 569 1205 608 et
1239 567 1577 622 quandocunque
1612 566 1825 608 voluerint
1860 567 1914 608 ad
1949 567 2184 621 proficuum

232 658 435 713 ipsorum.
498 658 559 700 Et
587 659 700 714 quod
729 657 929 714 distringi
955 672 1042 700 non
1071 657 1253 700 debeant
1280 672 1357 713 pro
1384 657 1527 700 debito
1552 657 1735 712 alicujus
1765 657 1848 699 nisi
1878 656 2087 700 debitores
2108 661 2183 700 aut

232 748 364 804 plegii
389 763 465 804 pro
493 749 639 790 eodem
664 748 839 790 fuerint.
915 747 977 789 Et
1007 748 1118 803 quod
1144 747 1288 789 nullus
1321 747 1504 790 ballivus
1533 762 1606 789 seu
1640 747 1834 789 minister
1865 750 2008 789 noster
2044 748 2180 789 colore

230 839 402 881 ballivie
430 853 503 882 seu
528 838 881 881 summoniciones
909 853 982 880 seu
1010 837 1342 880 attachiamenta
1370 838 1496 879 faciet
1526 852 1604 880 nec
1630 838 1744 880 infra
1771 837 1937 880 bundas
1965 839 2176 894 predictas

233 930 518 972 districciones
542 931 678 985 capiet
702 929 784 971 nisi
813 932 983 971 tantum
1009 927 1343 970 constabularius
1373 928 1586 983 predictus
1616 931 1659 970 et
1687 928 1836 970 ballivi
1862 928 2055 984 ejusdem
2079 929 2180 971 ville

231 1021 305 1077 qui
325 1036 400 1076 per
419 1021 530 1076 ipsos
553 1020 781 1076 burgenses
801 1020 923 1062 elect-i
943 1019 1117 1061 fuerint.
1180 1017 1363 1074 Insuper
1392 1019 1669 1061 concessimus
1694 1019 1871 1074 prefatis
1895 1019 2179 1076 burgensibus

227 1112 381 1154 nostris
402 1113 516 1167 quod
537 1126 680 1153 omnes
701 1113 950 1152 mercatores
970 1113 1059 1151 tam
1080 1109 1278 1165 pannarii
1300 1110 1497 1152 cerdones
1513 1110 1726 1165 pelliparii
1747 1114 1789 1151 et
1802 1110 2033 1153 cirotecarii
2050 1125 2178 1166 quam

230 1203 303 1244 alii
329 1202 482 1244 diversi
510 1202 583 1257 qui
615 1217 666 1243 ex
697 1201 914 1257 empcione
942 1203 984 1242 et
1007 1200 1255 1242 vendicione
1281 1200 1429 1242 vivant
1449 1200 1564 1242 infra
1585 1200 1824 1243 dominium
1844 1205 2037 1243 nostrum
2059 1201 2176 1244 GLA-

229 1307 489 1335 MORGANCIE
510 1296 551 1335 et
572 1293 846 1335 MORGANCIE
866 1291 1047 1334 residere
1069 1291 1253 1333 debeant
1272 1291 1318 1333 in
1339 1291 1453 1333 villis
1473 1291 1525 1333 de
1552 1291 1693 1348 burgh
1715 1295 1757 1333 et
1778 1307 1864 1334 non
1886 1293 2059 1347 upland.
2123 1292 2183 1335 Et

226 1384 340 1439 quod
361 1383 626 1425 omnimodas
646 1382 957 1425 merchandisas
978 1381 1140 1424 faciant
1159 1382 1205 1423 in
1226 1382 1432 1424 nundinis
1459 1381 1563 1424 foris
1585 1386 1626 1424 et
1652 1381 1766 1424 villis
1796 1383 1849 1424 de
1878 1381 1991 1438 burg
2019 1385 2061 1425 et
2091 1398 2178 1426 non

226 1473 340 1516 alibi.
403 1473 462 1515 Et
491 1474 624 1515 eciam
655 1488 798 1515 omnes
825 1475 1075 1515 mercatores
1100 1487 1195 1514 cum
1225 1487 1371 1514 eorum
1398 1472 1712 1515 merchandisas
1733 1471 1834 1515 alibi
1855 1488 1941 1515 non
1962 1475 2180 1516 transeant

225 1579 355 1620 quam
375 1579 449 1620 per
469 1565 633 1620 regales
653 1564 765 1606 vicos
786 1568 828 1606 et
855 1578 931 1619 per
950 1563 1073 1605 villas
1094 1563 1146 1605 de
1177 1562 1331 1619 burgh.
1394 1563 1464 1605 Ita
1493 1564 1606 1618 quod
1631 1578 1707 1605 nos
1738 1578 1815 1605 nec
1843 1563 2017 1606 heredes
2044 1565 2178 1607 nostri

224 1656 435 1698 tolnetum
456 1658 649 1697 nostrum
669 1670 746 1697 nec
767 1655 931 1710 aliquas
952 1657 1164 1696 custumas
1191 1653 1313 1696 nobis
1338 1653 1501 1696 debitas
1527 1654 1670 1710 aliquo
1699 1657 1887 1710 tempore
1915 1655 2175 1699 amittamus.

282 1747 342 1789 Et
371 1748 483 1802 quod
511 1746 690 1802 predicti
724 1747 954 1803 burgenses
988 1746 1123 1789 nostri
1159 1761 1236 1788 nec
1266 1760 1412 1788 eorum
1447 1746 1621 1788 heredes
1656 1746 1844 1802 aliquam
1881 1747 2178 1803 vigilacionem

223 1838 384 1880 faciant
416 1853 493 1880 nec
528 1838 714 1894 aliquem
749 1837 985 1894 fugitivum
1019 1838 1065 1879 in
1099 1837 1242 1893 aliqua
1277 1837 1449 1880 ecclesia
1481 1837 1722 1880 custodiant
1752 1840 1872 1879 extra
1901 1852 2047 1880 muros
2078 1838 2178 1881 ville

226 1932 367 1971 nostre
388 1928 585 1984 predicte.

278 2020 567 2062 Concessimus
588 2035 684 2062 vero
707 2020 905 2075 predictis
925 2019 1207 2076 burgensibus
1228 2020 1383 2062 nostris
1414 2020 1527 2075 quod
1559 2034 1633 2075 per
1662 2019 1976 2061 ordinacionem
2009 2023 2171 2062 consta-

225 2111 381 2154 bularii
401 2111 580 2167 predicti
602 2112 892 2154 ordinaciones
913 2116 954 2153 et
982 2111 1257 2153 clamaciones
1277 2110 1408 2153 libere
1430 2111 1567 2153 facere
1587 2110 1749 2165 possint
1771 2111 1824 2152 de
1845 2111 1972 2152 assisa
1993 2111 2115 2166 panis
2137 2120 2179 2153 et

227 2203 397 2244 cervisie
425 2205 467 2244 et
492 2202 585 2244 aliis
613 2203 788 2245 diversis
815 2202 939 2245 rebus
970 2203 1024 2245 ad
1054 2203 1318 2245 voluntatem
1350 2216 1495 2244 eorum
1520 2202 1699 2243 eandem
1727 2201 1875 2243 villam
1895 2201 2175 2258 tangentibus

226 2295 564 2349 quandocunque
594 2308 759 2335 necesse
789 2293 919 2335 fuerit
946 2295 1000 2335 ad
1028 2293 1373 2336 emendacionem
1403 2292 1520 2334 illius
1556 2292 1657 2334 ville
1689 2296 1731 2334 et
1766 2292 2002 2348 proficuum
2034 2293 2181 2349 populi

227 2384 420 2426 nolentes
441 2384 554 2438 quod
575 2383 705 2426 iidem
725 2383 956 2440 burgenses
976 2384 1110 2426 nostri
1135 2385 1221 2426 sint
1248 2384 1381 2440 legati
1412 2398 1486 2438 per
1514 2383 1806 2426 ordinaciones
1831 2387 1873 2425 et
1902 2383 2180 2427 clamaciones

226 2475 270 2516 in
294 2474 498 2516 comitatu
518 2477 661 2516 nostro
684 2473 1043 2516 GLAMORGANCIE
1064 2474 1207 2530 aliquo
1228 2476 1416 2529 tempore
1437 2473 1583 2516 factas.

286 2565 484 2607 Preterea
514 2565 792 2607 concessimus
826 2565 1004 2621 prefatis
1037 2564 1321 2621 burgensibus
1348 2564 1502 2606 nostris
1530 2565 1644 2620 quod
1672 2565 1755 2606 due
1790 2564 1983 2606 nundine
2018 2565 2103 2606 sint
2133 2565 2179 2607 in

227 2657 375 2698 eadem
404 2655 507 2697 villa
536 2658 680 2698 nostra
711 2655 900 2711 quolibet
931 2671 1043 2698 anno
1074 2656 1181 2698 sicut
1211 2670 1297 2698 esse
1327 2655 1519 2697 solebant
1539 2658 1729 2710 tempore
1749 2658 2059 2697 antecessorum
2080 2669 2175 2697 nos-

228 2751 389 2789 trorum
410 2746 607 2789 videlicet
627 2747 819 2788 nundine
841 2762 923 2802 que
944 2747 1156 2803 incipiunt
1182 2747 1227 2789 in
1249 2747 1398 2803 vigilia
1423 2745 1568 2788 Sancti
1589 2745 1620 2789 J
1623 2760 1749 2787 ACOBI
1775 2745 1954 2801 apostoli
1978 2746 2181 2789 durature

226 2852 301 2893 per
331 2839 423 2879 octo
453 2836 542 2878 dies
570 2842 802 2892 sequentes.
865 2837 919 2879 In
951 2837 1105 2893 quibus
1135 2852 1232 2879 vero
1263 2836 1468 2879 nundinis
1498 2836 1712 2892 predictus
1742 2835 2076 2879 constabularius
2104 2851 2178 2879 seu

223 2926 460 2983 prepositus
484 2927 620 2982 capiet
649 2927 860 2969 tolnetum
884 2930 1077 2970 nostrum
1105 2932 1147 2970 et
1175 2928 1279 2970 alias
1309 2930 1522 2970 custumas
1562 2926 1684 2969 nobis
1714 2925 1878 2969 debitas
1908 2928 1950 2968 et
1980 2927 2094 2981 quod
2123 2927 2177 2969 de

229 3021 363 3060 cetero
394 3017 439 3059 in
470 3017 628 3059 eisdem
658 3018 864 3060 nundinis
888 3019 1102 3074 predictus
1132 3018 1468 3063 constabularius
1497 3032 1572 3060 seu
1601 3017 1838 3072 prepositus
1867 3020 2012 3059 teneat
2036 3016 2180 3059 omnia
