2386 3645
2003 278 2112 319 1379

222 471 452 515 MORGANO
473 472 685 515 PENREES
714 473 839 515 fratri
869 473 972 515 dicti
1002 473 1233 517 JOHANNIS
1265 479 1308 519 et
1337 476 1562 520 heredibus
1591 479 1781 535 legitime
1812 483 1864 524 de
1894 498 2062 539 corpore
2092 501 2167 530 suo

219 563 448 618 procreatis
480 597 488 606 .
522 563 776 606 Tenendum
797 564 849 606 de
870 563 1123 620 capitalibus
1144 566 1327 608 dominis
1347 566 1570 611 feodorum
1589 569 1760 612 illorum
1781 586 1855 626 per
1873 574 2062 628 predicta
2081 590 2164 619 ser-

219 653 327 695 vicia
347 653 648 711 inperpetuum
681 686 690 695 .
722 654 783 697 Et
803 655 839 696 si
858 655 1074 710 predictus
1094 654 1350 699 MORGANUS
1371 657 1523 701 obierit
1550 659 1640 702 sine
1659 660 1883 705 heredibus
1903 664 2093 720 legitime
2112 668 2164 710 de

219 759 389 800 corpore
426 760 501 788 suo
541 745 767 801 procreatis
806 748 910 788 tunc
959 747 1199 790 manerium
1237 748 1476 804 predictum
1526 764 1622 792 cum
1671 752 1868 796 omnibus
1916 757 2166 811 supradictis

215 834 498 878 remanebunt
528 835 749 878 ISABELLE
780 836 992 880 PENREES
1022 838 1153 881 sorori
1183 839 1362 895 predicti
1392 839 1421 882 J
1424 854 1624 885 OHANNIS
1653 845 1697 885 et
1716 843 1940 887 heredibus
1959 846 1989 889 1.
2011 848 2052 889 d.
2076 863 2108 891 c.
2131 864 2161 891 s.

216 940 280 967 ex.
305 925 354 968 T.
378 927 430 968 de
451 941 484 968 c.
503 927 543 968 d.
562 926 783 969 feodorum
803 927 975 971 illorum
995 944 1069 984 per
1089 930 1280 985 predicta
1297 931 1472 974 servicia
1491 932 1806 989 imperpetuum
1824 968 1834 978 .
1851 935 1912 978 Et
1929 936 1963 979 si
1977 939 2165 993 predicta

213 1014 438 1058 ISABELLA
478 1016 630 1059 obierit
669 1017 773 1070 sine,
814 1021 908 1071 eto„
950 1022 1043 1071 etc„
1084 1020 1368 1064 remanebunt
1409 1022 1533 1065 rectis
1573 1023 1798 1068 heredibus
1836 1025 1969 1082 ipsius
2003 1028 2164 1072 domini

211 1105 242 1149 J
244 1120 444 1149 OHANNIS
474 1107 776 1164 inperpetuum
809 1143 817 1151 .
851 1109 1104 1153 Tenendum
1134 1113 1187 1154 de
1217 1113 1470 1168 capitalibus
1499 1115 1682 1158 dominis
1711 1119 1761 1159 ut
1790 1118 2029 1172 predictum
2058 1126 2121 1164 est
2153 1156 2161 1164 .

211 1196 273 1239 Et
292 1212 373 1254 ego
393 1213 491 1241 vero
512 1199 726 1254 predictus
746 1200 904 1243 Dum
925 1204 967 1244 et
988 1201 1162 1245 heredes
1181 1203 1266 1246 mei
1297 1205 1666 1249 warantizabimus
1696 1207 1854 1250 eisdem
1883 1209 1913 1253 J
1915 1224 2091 1253 OHANNI
2122 1215 2165 1255 et

211 1287 502 1331 MARGARETE
523 1291 647 1333 uxori
677 1291 772 1347 ejus
802 1294 845 1335 et
874 1291 1100 1336 heredibus
1130 1294 1216 1338 suis
1245 1295 1446 1351 predictis
1477 1299 1520 1339 et
1549 1297 1683 1340 eciam
1713 1299 1851 1342 eidem
1881 1300 1911 1344 J
1914 1315 2091 1344 OHANNI
2122 1306 2164 1346 et

209 1379 435 1424 heredibus
456 1381 543 1424 suis
558 1383 759 1438 predictis
772 1383 807 1426 si
819 1384 1000 1440 predicti
1015 1384 1045 1428 J
1047 1400 1258 1428 OHANNES
1274 1390 1316 1430 et
1328 1387 1621 1431 MARGARETA
1637 1389 1819 1434 obierint
1835 1392 1924 1435 sine
1937 1392 2164 1438 heredibus

207 1471 401 1528 legitime
421 1473 475 1516 de
497 1488 668 1530 corpore
688 1475 878 1529 ipsorum
910 1509 919 1517 .
952 1475 1013 1519 Et
1033 1477 1166 1520 eciam
1189 1478 1327 1521 eidem
1348 1478 1607 1523 WILLELMO
1628 1481 1663 1524 si
1689 1483 1902 1538 predictus
1922 1484 1952 1527 J
1954 1499 2163 1528 OHANNES

206 1561 360 1606 obierit
390 1564 480 1606 sine
501 1564 728 1608 heredibus
747 1567 801 1608 de
821 1581 991 1622 corpore
1012 1582 1087 1611 suo
1119 1603 1127 1611 .
1161 1568 1222 1611 Et
1242 1570 1375 1613 eciam
1405 1571 1594 1627 predicto
1625 1572 1854 1616 MoRGANo
1884 1576 1919 1618 si
1948 1577 2163 1631 predictus

207 1653 493 1698 WILLELMUS
533 1655 685 1699 obierit
724 1657 815 1700 sine
856 1657 1010 1701 herede
1050 1660 1243 1716 legitime
1279 1662 1331 1704 de
1371 1677 1543 1718 corpore
1573 1679 1648 1707 suo
1680 1697 1690 1707 .
1722 1665 1783 1707 Et
1814 1666 1945 1709 eciam
1974 1668 2161 1723 predicte

204 1743 427 1788 ISABELLE
469 1747 503 1789 si
544 1749 759 1804 predictus
798 1749 1057 1793 MORGANUS
1093 1751 1244 1795 obierit
1274 1754 1364 1796 sine
1394 1753 1549 1797 herede
1578 1755 1771 1812 legitime
1801 1758 1854 1799 de
1885 1772 2054 1814 corpore
2083 1774 2159 1802 suo

203 1837 442 1891 predictum
473 1839 713 1882 manerium
753 1855 850 1883 cum
891 1842 1088 1885 omnibus
1129 1845 1383 1900 supradictis
1415 1860 1509 1888 cum
1540 1847 1811 1902 pertinenciis
1842 1852 1890 1891 ut
1920 1850 2157 1904 predictum

201 1930 266 1969 est
285 1930 433 1970 contra
454 1944 600 1972 omnes
620 1934 770 1987 gentes
789 1931 1103 1989 inperpetuum.
1165 1933 1222 1977 In
1243 1935 1311 1992 cuj
1319 1951 1367 1979 us
1386 1937 1448 1979 rei
1477 1937 1771 1981 testimonium
1801 1939 1992 1995 sigillum
2012 1955 2155 1984 meum

201 2019 467 2073 presentibus
488 2022 677 2077 apposui.
740 2022 844 2065 Hiis
863 2023 1043 2066 testibus
1066 2058 1074 2067 .
1101 2025 1313 2068 Rossssmro
1334 2042 1389 2084 ap
1406 2027 1597 2071 THOMAS
1619 2030 1844 2073 senescallo
1867 2030 2110 2074 GOUHERIE
2143 2066 2152 2074 .

201 2107 414 2151 ROBERTO
455 2110 670 2155 PENREES
702 2147 711 2155 .
744 2113 950 2156 RmARno
991 2114 1216 2159 MAUNSEL
1250 2152 1258 2160 .
1291 2117 1511 2161 JOHANNE
1543 2119 1704 2163 BoNER
1736 2155 1744 2162 .
1778 2120 1997 2164 JOHANNE
2028 2124 2081 2166 de
2111 2123 2153 2165 la

198 2199 340 2242 MARE
376 2235 384 2243 .
418 2201 448 2244 J
451 2216 639 2245 OHANNE
671 2203 796 2247 OADE
827 2209 870 2248 et
900 2208 1006 2251 aliis.

257 2290 374 2334 Data
395 2295 510 2348 apud
532 2293 813 2339 OXYNWYCH'
836 2300 1020 2342 secundo
1051 2300 1119 2343 die
1141 2299 1334 2344 Octobris
1364 2316 1477 2344 anno
1497 2318 1530 2345 r.
1556 2302 1610 2345 R.
1635 2302 1832 2346 RmARm
1854 2305 2026 2347 secundi
2056 2308 2151 2360 post

196 2388 474 2438 conquestum
494 2386 658 2430 decimo
679 2391 839 2432 octavo.

253 2473 350 2516 Seal
362 2475 408 2518 in
421 2477 496 2519 red
509 2493 617 2530 waX,
637 2479 721 2522 lin.
745 2481 890 2533 diam„
906 2482 1050 2525 rather
1066 2483 1198 2539 finely
1211 2485 1426 2526 executed.
1479 2484 1541 2527 St.
1559 2484 1589 2527 J
1592 2499 1685 2527 OHN
1702 2485 1908 2537 BAPTIST,
1931 2486 2146 2542 standing,

192 2563 374 2622 holding
393 2567 466 2609 the
487 2568 645 2625 Agnus
665 2569 762 2623 Dei,
784 2572 830 2614 in
851 2588 876 2614 a
897 2573 1102 2629 canopied
1122 2574 1258 2626 niohe,
1281 2574 1387 2617 with
1407 2574 1647 2618 tabernacle
1668 2576 1783 2618 work
1804 2579 1849 2618 at
1869 2575 1942 2618 the
1963 2577 2085 2619 sides.

250 2654 503 2712 Legend—-‘
522 2657 555 2700 s'
587 2693 595 2701 .
630 2674 849 2704 IOHANN1s
871 2696 879 2704 .
902 2663 1140 2706 TASEMAN.'

248 2745 542 2791 Endorsed—‘
560 2750 779 2807 Entayle,'
801 2754 888 2796 and
910 2757 919 2776 ‘
938 2755 1012 2797 An
1032 2755 1183 2798 intaile
1204 2755 1250 2798 of
1279 2756 1352 2798 the
1373 2771 1544 2799 manere
1566 2757 1611 2799 of
1641 2757 1818 2800 Penrice
1838 2758 1924 2799 and
1954 2757 2142 2810 Horton,

189 2834 245 2890 by
269 2836 397 2893 Davy
428 2839 568 2893 Voile,
599 2842 726 2894 clerk,
757 2847 802 2885 to
832 2843 950 2887 John
981 2844 1172 2898 Penrice‚
1203 2846 1376 2902 knight,
1406 2847 1473 2890 his
1502 2847 1716 2900 brethren,
1748 2849 1834 2890 and
1865 2847 2050 2890 Izabelle
2076 2848 2143 2890 his

188 2925 321 2970 sister.
383 2929 410 2970 2
433 2929 581 2974 Octob.
641 2932 712 2975 A0·
735 2933 828 2977 Ric.
851 2935 892 2987 2,
919 2936 995 2978 180·
1024 2935 1034 2954 '
