2386 3645
1983 274 2094 316 1355

206 491 306 521 cum
325 477 412 520 suis
431 476 703 534 pertinenciis
722 476 922 533 predictis
941 476 972 520 J
974 489 1150 519 OHANM
1169 478 1212 520 et
1231 476 1522 520 MARGARETE
1543 478 1666 520 uxori
1685 478 1779 535 ejus
1798 481 1842 521 et
1859 478 2084 523 heredibus
2099 481 2152 523 de

206 583 242 612 c.
275 582 311 612 e.
343 569 371 612 l.
402 583 492 625 pro.
525 570 671 612 eontra
700 582 846 611 omnes
876 569 1027 624 gentes
1055 566 1427 610 warantizabimus
1456 570 1500 610 et
1528 567 1806 611 defendemus
1824 569 2149 626 imperpetuum.

207 657 265 701 In
305 658 429 715 eujus
467 659 530 702 rei
561 657 855 702 testimonium
888 658 988 701 huic
1020 660 1134 701 carte
1161 657 1353 714 sigillum
1378 672 1522 700 meum
1549 658 1737 714 apposui.
1803 658 1905 702 Hiis
1935 660 2112 703 testibus
2142 693 2154 705 .

208 749 424 793 ROBERTO
443 764 498 806 ap
520 749 711 792 'Paomis
730 748 975 792 vicecomite
998 748 1244 792 GOUHERIE
1267 781 1277 792 .
1299 747 1559 793 WILLELMO
1579 747 1798 793 MATHEW
1823 749 2033 805 preposito
2053 751 2154 794 ville

205 840 262 883 de
281 839 590 883 SWEYNESEYA
612 874 621 882 .
645 839 815 882 ΤΗΟΜΑ
830 840 883 882 (10
900 838 1184 882 SENGLETON'
1209 873 1217 882 .
1241 839 1455 883 Rossssmro
1471 839 1672 882 KNEPYN
1695 873 1704 882 .
1727 838 1894 882 Tuom
1910 839 2120 884 CHARLES
2142 873 2152 883 .

205 929 376 974 ΤΗΟΜΑ
397 930 707 974 BORDEWARD'
729 934 772 974 et
792 930 942 974 multis
960 931 1069 974 aliis.

266 1021 433 1065 Datum
454 1023 570 1079 apud
590 1021 936 1065 SWEYNESEYAM
956 1022 1026 1065 die
1053 1021 1180 1065 Lune
1207 1022 1359 1079 quinto
1386 1022 1455 1065 die
1482 1022 1639 1065 mensis
1668 1020 1862 1064 Octobris
1891 1035 2004 1064 anno
2033 1021 2157 1078 regni

208 1111 345 1169 Regis
366 1112 564 1155 RICARDI
585 1113 762 1156 secundi
780 1116 876 1169 post
897 1116 1176 1170 conquestum
1196 1113 1388 1169 septimo.

265 1203 310 1246 A
330 1203 454 1246 small
473 1204 594 1261 lump
615 1203 702 1246 seal
721 1204 768 1247 in
789 1204 896 1247 dark
915 1205 991 1247 red
1011 1219 1131 1247 wax:
1164 1219 1189 1247 a
1212 1204 1336 1247 small
1357 1204 1453 1247 oval
1473 1203 1723 1260 impression
1755 1202 1800 1246 of
1820 1217 1846 1245 a
1861 1202 2030 1245 Roman
2049 1201 2159 1245 head

206 1294 255 1338 in
274 1295 437 1351 proffle‚
458 1295 592 1351 finely
612 1298 696 1348 cut,
719 1310 775 1338 no
796 1295 931 1338 doubt
951 1310 1007 1338 an
1028 1295 1215 1351 antique.

264 1385 561 1429 Endorsed-‘
580 1385 709 1430 Carta
729 1386 894 1430 domini
913 1386 943 1430 J
946 1386 1126 1429 ohannis
1146 1387 1199 1429 de
1220 1385 1371 1429 Penr's
1391 1387 1444 1429 de
1465 1385 1674 1443 gardino?

1093 1594 1278 1638 MLIII.

206 1702 587 1751 QUIT-OLAJM
619 1703 707 1746 BY
738 1703 768 1747 J
771 1703 921 1756 OHN,
955 1703 1073 1747 SON
1107 1703 1186 1746 OF
1217 1702 1320 1747 SIR
1351 1703 1381 1746 J
1384 1702 1521 1746 OHN
1553 1702 1639 1745 DE
1667 1702 1752 1745 LA
1783 1701 1965 1754 BERE,
1998 1699 2160 1752 KNT„

353 1794 430 1837 ΤΟ
467 1793 638 1838 JOHN
671 1794 757 1836 DE
790 1794 1050 1846 PENRES,
1091 1794 1261 1837 LORD
1303 1794 1382 1837 OF
1424 1793 1702 1846 OXWICH,
1744 1793 1822 1836 OF
1857 1793 1987 1836 THE
2023 1791 2161 1835 SITE

353 1885 431 1929 OF
463 1885 508 1928 A
544 1885 851 1929 BURGAGE
891 1885 964 1929 IN
998 1886 1128 1928 THE
1169 1885 1405 1929 OASTLE
1446 1885 1689 1928 BAILEY
1724 1884 1802 1928 OF
1843 1883 2159 1929 SWANSEA.

924 1993 1157 2050 [MARGAM
1188 1993 1446 2050 CHARTER]

1381 2103 1434 2144 10
1467 2101 1595 2144 SEPT.
1657 2103 1683 2144 8
1715 2101 1812 2144 R1c.
1846 2100 1910 2144 II.
1975 2101 2099 2142 1384.

264 2208 475 2252 Omnibus
511 2208 702 2251 CHR1sT1
738 2208 934 2252 fidelibus
963 2224 1134 2265 presens
1158 2209 1362 2266 scriptum
1389 2226 1428 2252 v.
1459 2212 1502 2252 et
1529 2225 1566 2251 a.
1599 2209 1629 2252 J
1631 2223 1841 2251 OHANNES
1871 2209 1923 2251 de
1957 2207 2000 2249 la
2030 2206 2160 2248 BERE

205 2300 321 2343 filius
341 2302 383 2342 et
403 2299 524 2342 heres
545 2299 575 2343 J
577 2314 777 2342 oHANNrs
798 2301 851 2343 de
871 2301 914 2342 la
934 2300 1064 2342 BERE
1085 2301 1237 2343 militis
1256 2301 1437 2343 salutem
1457 2301 1503 2342 in
1526 2300 1727 2343 Domino.

262 2391 445 2434 Noverit
478 2391 732 2434 universitas
772 2393 912 2434 vestra
956 2407 1025 2434 me
1065 2392 1312 2434 concessisse
1351 2391 1561 2433 relaxasse
1601 2393 1644 2433 et
1685 2390 1857 2433 omnino
1891 2403 1967 2444 pro
2008 2402 2076 2429 me
2116 2389 2159 2430 et

204 2481 431 2525 heredibus
451 2482 556 2525 meis
574 2482 892 2539 imperpetuum
912 2483 1107 2538 quietum
1136 2483 1336 2525 clamasse
1367 2482 1396 2525 J
1399 2496 1576 2524 OHANNI
1608 2483 1661 2524 de
1691 2480 1873 2522 PENRES
1902 2478 2074 2521 domino
2104 2478 2157 2520 de

205 2572 498 2616 OXENWYCHE
524 2572 610 2630 [et]
634 2573 861 2616 heredibus
881 2574 968 2616 suis
987 2576 1127 2617 totum
1147 2574 1217 2630 jus
1238 2577 1279 2616 et
1305 2574 1513 2616 clameum
1542 2587 1687 2615 meum
1716 2571 1830 2627 quod
1858 2569 1993 2612 habeo
2022 2568 2154 2611 habui

203 2679 279 2708 seu
298 2664 574 2720 quovismodo
594 2665 647 2706 de
666 2664 762 2720 jure
783 2664 938 2707 habere
958 2668 1105 2720 potero
1126 2679 1200 2706 seu
1224 2664 1345 2720 potui
1365 2663 1410 2705 in
1441 2665 1532 2705 tota
1560 2662 1636 2704 issa
1665 2661 1801 2717 placia
1829 2658 2028 2715 burgagii
2058 2673 2154 2700 cum

203 2754 474 2811 pertinentiis
495 2769 577 2810 que
598 2755 815 2810 quondam
843 2754 929 2797 fuit
953 2754 1117 2797 domini
1146 2754 1177 2797 J
1179 2768 1379 2796 OHANNIS
1400 2754 1452 2796 de
1481 2753 1524 2795 la
1554 2752 1684 2795 BERE
1714 2750 1846 2807 patris
1875 2749 1959 2792 mei
1987 2749 2155 2805 jacente

202 2845 250 2888 in
269 2844 401 2888 hallia
421 2845 547 2888 castri
567 2846 619 2887 de
641 2845 951 2888 SWEYNESEYA
971 2845 1084 2887 inter
1103 2847 1261 2887 terram
1282 2844 1488 2886 Ronmm
1511 2843 1696 2884 meAs
1726 2857 1779 2883 ex
1807 2842 1927 2897 parte
1957 2838 2153 2882 orientali

203 2938 247 2979 et
266 2940 423 2979 terram
436 2951 573 2992 nuper
592 2935 623 2979 J
625 2950 826 2978 OHANNIS
847 2936 1018 2978 Pmm
1039 2951 1092 2978 ex
1111 2937 1232 2991 parte
1252 2934 1503 2977 occidentali
1522 2934 1583 2975 ita
1603 2932 1799 2975 videlicet
1824 2931 1939 2986 quod
1967 2944 2045 2972 nec
2075 2943 2155 2985 ego

202 3026 417 3083 predictus
437 3025 468 3070 J
470 3040 670 3069 OHANNIS
690 3026 806 3069 dela
829 3026 959 3069 BERE
989 3041 1067 3069 nec
1095 3026 1270 3069 heredes
1298 3025 1383 3067 mei
1413 3039 1489 3080 per
1518 3038 1595 3066 nos
1624 3038 1699 3079 pro
1729 3021 1850 3064 nobis
1880 3035 1954 3063 seu
1982 3019 2155 3062 nomine
