2386 3645
1968 296 2078 338 1359

192 487 494 543 premissorum
542 491 585 531 et
633 488 823 531 caritatis
871 489 1035 531 intuitu
1083 505 1137 533 ne
1185 491 1318 535 iidem
1371 493 1501 537 abbas
1549 498 1592 538 et
1641 502 1871 542 conventus
1918 501 2129 556 jacturam

193 579 485 622 advocacionis
515 579 703 636 predicte
735 594 784 621 ac
804 579 1002 636 gravium
1032 596 1313 636 expensarum
1333 586 1375 626 et
1395 588 1643 640 sumptuum
1662 603 1766 643 quos
1785 590 1893 633 circa
1911 591 2131 636 licenciam

189 671 551 727 appropriacionis
584 670 773 727 predicte
803 669 1046 713 habendam
1078 674 1127 713 ut
1156 673 1420 728 premittitur
1448 681 1736 731 apposuerunt
1765 679 2128 726 irremediabiliter

188 761 410 804 incurrant
429 762 476 804 in
495 761 804 805 relevacionem
824 761 948 804 exilis
977 764 1113 805 status
1144 762 1316 807 abbacie
1346 766 1534 820 predicte
1565 783 1662 811 cum
1696 769 1854 813 eisdem
1886 771 2057 815 abbacia
2086 778 2128 817 et

191 855 405 896 conventu
439 852 485 894 in
520 852 599 895 hac
625 855 747 908 parte
768 867 895 909 agere
916 853 1116 909 graciose.
1173 854 1266 898 Nos
1286 856 1584 911 premissorum
1604 859 1940 905 consideracione
1969 865 2127 920 suppli-

188 942 349 986 cacioni
383 942 571 999 predicte
603 942 895 985 favorabiliter
928 943 1127 987 inclinati
1157 946 1210 988 de
1244 947 1388 1002 gracia
1406 951 1551 990 nostra
1580 950 1751 1005 speciali
1770 953 1814 993 et
1833 953 1887 994 ad
1908 954 2129 1008 specialem

185 1033 509 1089 requisicionem
529 1033 782 1076 venerabilis
811 1034 946 1090 patris
978 1033 1146 1077 THOME
1178 1035 1498 1081 LANDAVENSIS
1518 1039 1702 1096 episcopi
1721 1041 1968 1086 confessoris
1996 1045 2129 1088 nostri

185 1125 380 1168 dedimus
400 1128 444 1168 et
463 1125 741 1168 concessimus
760 1140 837 1182 pro
857 1125 979 1169 nobis
999 1130 1042 1169 et
1061 1126 1287 1171 heredibus
1307 1129 1460 1172 nostris
1479 1131 1655 1186 prefatis
1675 1132 1819 1176 abbati
1839 1137 1882 1176 et
1902 1137 2128 1179 conventui

182 1218 507 1260 advocacionem
540 1218 710 1260 ecclesie
745 1218 935 1274 predicte
969 1219 1017 1261 in
1048 1234 1180 1261 manu
1199 1223 1343 1263 nostra
1362 1225 1562 1277 pretextu
1579 1225 1911 1280 recuperacionis
1940 1227 2125 1282 predicte

179 1309 434 1352 existentem
465 1343 473 1351 .
507 1308 774 1352 Habendum
813 1312 857 1352 et
895 1310 1132 1353 tenendum
1172 1310 1253 1354 sibi
1291 1314 1335 1354 et
1374 1313 1676 1357 successoribus
1715 1315 1802 1358 suis
1836 1317 1888 1359 de
1919 1317 2040 1361 nobis
2080 1322 2123 1362 et

179 1400 406 1444 heredibus
424 1400 580 1444 nostris
608 1416 684 1457 per
704 1400 878 1443 servicia
906 1400 1007 1443 inde
1027 1400 1172 1444 debita
1192 1404 1235 1444 et
1255 1406 1453 1446 consueta
1473 1404 1798 1461 imperpetuum.
1864 1407 1926 1451 Et
1946 1409 2122 1453 ulterius

182 1493 236 1534 de
274 1491 460 1534 uberiori
498 1491 642 1548 gracia
681 1494 826 1534 nostra
875 1492 1154 1535 concessimus
1202 1495 1245 1536 et
1292 1493 1512 1538 licenciam
1550 1496 1744 1540 dedimus
1790 1512 1867 1553 pro
1915 1499 2036 1542 nobis
2084 1505 2128 1544 et

180 1582 407 1626 heredibus
429 1582 585 1625 nostris
605 1582 764 1625 eisdem
785 1582 930 1625 abbati
961 1586 1004 1626 et
1036 1583 1262 1626 conventui
1292 1585 1405 1640 quod
1435 1585 1517 1641 ipsi
1547 1587 1763 1631 ecclesiam
1788 1588 1908 1632 iilam
1937 1592 2125 1646 quando-

180 1689 360 1730 cumque
393 1689 488 1717 eam
519 1689 596 1730 per
625 1678 808 1717 mortem
834 1675 1062 1717 cessionem
1090 1676 1158 1718 vel
1176 1676 1509 1732 resignacionem
1531 1692 1678 1720 vacare
1698 1679 1923 1736 contigerit
1942 1681 2041 1724 licet
2069 1683 2125 1725 ad

177 1780 272 1808 eam
301 1780 389 1808 non
423 1765 761 1821 presentaverint
795 1766 1067 1822 appropriare
1098 1769 1141 1809 et
1173 1782 1266 1809 eam
1300 1767 1357 1810 sic
1390 1768 1705 1824 appropriatam
1732 1770 1779 1812 in
1809 1771 1999 1827 proprios
2024 1788 2125 1816 usus

177 1862 322 1899 tenere
351 1856 515 1912 possint
544 1856 625 1899 sibi
655 1859 697 1899 et
732 1856 1037 1900 successoribus
1066 1857 1152 1900 suis
1192 1859 1247 1900 ad
1286 1859 1548 1901 exorandum
1578 1861 1813 1916 specialiter
1850 1877 1927 1917 pro
1966 1863 2125 1906 salubri

173 1950 289 1991 statu
308 1950 452 1991 nostro
472 1948 576 1990 dum
597 1948 830 1990 vixerimus
850 1951 894 1991 et
913 1948 1119 1991 heredum
1139 1952 1380 1992 nostrorum
1395 1964 1443 1992 ac
1462 1950 1585 2006 regni
1605 1951 1738 1993 nostri
1756 1951 1941 1994 ANGLIE
1961 1969 2124 1997 necnon

175 2053 252 2095 pro
272 2039 417 2081 anima
436 2042 581 2081 nostra
601 2054 698 2081 cum
718 2039 798 2081 hac
817 2039 911 2082 luce
941 2040 1265 2096 migraverimus
1285 2044 1327 2083 et
1351 2040 1574 2083 animabus
1594 2042 1785 2084 omnium
1804 2044 2124 2099 progenitorum

175 2133 219 2173 et
246 2130 452 2173 heredum
480 2133 723 2173 nostrorum
753 2131 1030 2187 omniumque
1060 2131 1251 2174 fidelium
1282 2131 1582 2175 defunctorum
1622 2136 1664 2175 et
1704 2135 1760 2176 ad
1794 2149 1922 2177 onera
1952 2135 2012 2178 eis
2049 2151 2125 2192 per

173 2222 391 2278 prefatum
421 2221 698 2264 EDWARDUM
727 2223 892 2265 ratione
926 2223 1028 2265 doni
1063 2223 1124 2265 eis
1163 2224 1216 2265 de
1255 2223 1532 2266 advocacione
1561 2224 1750 2280 predicta
1782 2225 1887 2268 facti
1924 2226 2123 2282 imposita

172 2314 372 2357 continue
387 2313 635 2356 faciendum
656 2316 699 2356 et
720 2315 1058 2370 supportandum
1073 2314 1388 2370 imperpetuum
1400 2314 1490 2356 sine
1504 2315 1717 2357 occasione
1730 2315 1797 2357 vel
1817 2315 2121 2372 impedimento

171 2405 307 2448 nostri
325 2405 395 2448 vel
414 2405 621 2448 heredum
641 2410 882 2448 nostrorum
902 2405 1235 2462 justiciariorum
1255 2407 1514 2447 escaetorum
1533 2405 1826 2448 vicecomitum
1846 2409 1921 2449 aut
1941 2408 2120 2451 aliorum

167 2496 423 2539 ballivorum
462 2511 537 2538 seu
572 2496 867 2539 ministrorum
896 2498 1139 2539 nostrorum
1171 2510 1519 2551 quorumcunque
1554 2498 1714 2539 statuto
1745 2497 1933 2552 predicto
1964 2512 2038 2540 seu
2068 2513 2117 2540 eo

168 2588 282 2643 quod
303 2587 417 2630 dicta
437 2587 660 2630 advocacio
681 2588 735 2629 de
764 2587 886 2630 nobis
916 2591 1089 2630 tenetur
1114 2589 1165 2629 ut
1195 2588 1259 2629 est
1285 2586 1447 2629 dictum
1479 2589 1555 2629 aut
1582 2587 1898 2642 recuperacione
1928 2588 2116 2644 predicta

166 2693 255 2721 non
285 2678 492 2721 obstante.
553 2678 611 2720 In
640 2677 765 2734 cujus
794 2683 872 2721 etc.

223 2769 350 2812 Teste
372 2769 494 2826 Rege
527 2770 644 2825 apud
673 2769 875 2811 ELTHAM
902 2801 914 2812 ,
944 2783 1108 2811 XXVIII.
1132 2769 1202 2811 die
1223 2767 1428 2811 Octobris.
1489 2767 1573 2811 Per
1592 2768 1760 2810 literam
1779 2768 1911 2822 ipsius
1930 2768 2042 2824 regis
2062 2770 2114 2812 de

167 2860 352 2917 signeto.
