2386 3645
1880 277 1989 320 1231

877 545 1230 590 DOGOOLXXI
1239 546 1286 590 V.

199 656 415 702 GRANT
465 655 553 699 BY
592 654 850 699 THOMAS
899 655 986 698 DE
1035 654 1366 698 BAUDRIPE
1417 654 1492 697 ΤΟ
1545 654 1839 698 GRISTINA
1881 654 1963 697 LE

488 737 861 789 FFLEMINGE
902 746 981 789 OF
1020 745 1196 789 LAND
1237 745 1310 789 IN
1349 744 1679 788 PENMARK.

615 853 766 908 [er.
798 853 931 907 Mus,
961 853 1078 896 Am).
1113 853 1334 896 CHARTER
1363 853 1557 911 24,296.]

706 961 920 1004 TUESDAY
952 975 1123 1003 BEFORE
1153 960 1408 1003 LADY—DAY.
1472 962 1524 1003 13
1555 961 1683 1003 Enw.
1716 960 1807 1003 ΠΙ.
1872 962 1995 1003 1839.

173 1071 320 1114 Sciant
338 1072 554 1127 presentes
575 1073 618 1112 et
636 1068 774 1111 futuri
793 1103 800 1111 .
818 1069 932 1124 quod
952 1083 1032 1125 ego
1053 1068 1243 1111 Tuoms
1263 1069 1315 1111 de
1336 1068 1578 1111 Eum-mm
1598 1068 1697 1111 dedi
1718 1070 1898 1111 concessi
1918 1073 1962 1111 et
1981 1069 2060 1112 hac

115 1161 303 1220 presenti
331 1164 446 1204 carta
470 1175 566 1202 mea
591 1159 836 1202 confirmavi
856 1159 1027 1201 domine
1057 1158 1272 1201 CRISTINE
1302 1159 1342 1201 le
1370 1159 1644 1201 FFLEmNGE
1665 1159 1792 1201 matri
1812 1174 1904 1202 mee
1925 1175 2061 1202 unum

115 1252 404 1309 messuagium
427 1286 436 1294 .
459 1253 565 1294 duas
590 1253 805 1293 carucatas
823 1253 935 1293 terre
965 1253 1009 1292 et
1038 1253 1209 1293 centum
1234 1250 1434 1292 solidatas
1462 1251 1655 1292 redditus
1679 1265 1775 1292 cum
1802 1250 2069 1306 pertinentiis

117 1345 165 1387 in
213 1344 448 1387 PENMARK
488 1357 570 1398 que
620 1342 864 1398 recuperavi
913 1341 959 1383 in
1010 1341 1214 1384 comitatu
1265 1341 1502 1383 GLAMORG'
1543 1344 1592 1383 ut
1631 1341 1702 1397 jus
1741 1356 1884 1383 meum
1923 1356 2067 1384 versus

121 1434 152 1479 J
153 1448 379 1477 OHANNAM
415 1448 497 1490 que
532 1432 620 1475 fuit
654 1447 762 1475 uxor
795 1431 1001 1474 Romam
1036 1432 1076 1474 le
1107 1430 1224 1473 Sooa
1252 1446 1327 1487 per
1357 1432 1573 1487 quandam
1601 1431 1921 1487 inquisitionem
1951 1432 2071 1474 inter

121 1525 372 1582 praedictam
401 1524 431 1567 J
433 1538 660 1566 OHANNAM
691 1522 808 1565 SOOR
838 1526 880 1565 et
910 1538 978 1565 me
1011 1523 1111 1564 inde
1144 1525 1322 1578 captam.
1404 1522 1670 1564 Habendum
1709 1521 1794 1578 [et]
1837 1523 2074 1565 tenendum

122 1617 327 1674 praedicta
342 1615 612 1672 mesuagium
625 1616 732 1658 duas
748 1618 963 1657 carucatas
978 1618 1088 1657 terre
1105 1617 1147 1656 et
1163 1618 1335 1656 centum
1350 1613 1550 1655 solidatas
1562 1612 1754 1655 redditus
1769 1628 1865 1655 cum
1878 1612 2077 1655 omnibus

125 1708 212 1751 suis
240 1706 510 1764 pertinentiis
531 1706 732 1762 praedicte
754 1705 925 1748 domine
949 1704 1166 1747 Cmsrmss
1195 1704 1324 1746 matri
1342 1719 1434 1746 mee
1461 1703 1686 1746 heredibus
1707 1706 1750 1745 et
1779 1703 2004 1759 assignatis
2026 1704 2081 1746 (10

123 1797 376 1855 capitalibus
409 1796 594 1840 dominis
630 1796 747 1839 feodi
778 1796 895 1838 illius
931 1811 1006 1852 per
1040 1795 1214 1838 servicia
1253 1796 1354 1837 inde
1393 1794 1537 1837 debita
1576 1797 1619 1837 et
1658 1795 1710 1836 de
1741 1793 1839 1850 jure
1873 1798 2074 1837 consueta

124 1889 451 1946 imperpetuum.
515 1888 576 1931 Et
607 1903 688 1944 ego
708 1887 937 1943 praedictus
959 1887 1149 1930 THOMAs
1169 1888 1222 1929 de
1242 1886 1486 1929 BAUDmPE
1506 1885 1680 1928 heredes
1699 1885 1783 1928 mei
1803 1888 1846 1928 et
1865 1885 2076 1940 assignati

125 1981 268 2024 omnia
289 1980 481 2037 predicta
511 1980 733 2037 mesuagia
754 1981 860 2022 duas
889 1982 1106 2022 carucatas
1128 1982 1236 2021 terre
1267 1981 1309 2021 et
1340 1981 1512 2021 centum
1541 1978 1740 2020 solidatas
1758 1977 1950 2019 redditus
1980 1991 2078 2019 cum

125 2072 324 2116 omnibus
344 2071 431 2114 suis
450 2071 726 2128 pertinenciis
751 2070 938 2127 predicte
960 2069 1131 2112 domine
1155 2069 1369 2112 CRISTINE
1397 2069 1525 2111 matri
1544 2084 1636 2111 mee
1660 2067 1899 2110 haeredibus
1930 2067 2017 2109 suis
2036 2070 2080 2110 et

125 2163 354 2220 assignatis
374 2166 521 2206 contra
541 2178 687 2206 omnes
707 2162 908 2204 mortales
929 2160 1300 2203 warantizabimus
1320 2160 1652 2216 acquietabimus
1670 2193 1678 2201 .
1702 2163 1744 2202 et
1763 2160 1808 2201 in
1828 2162 1919 2202 tota
1938 2159 2080 2200 forma

123 2255 355 2311 prescripta
374 2255 691 2311 imperpetuum
705 2253 995 2295 defendemus.
1048 2251 1104 2294 In
1121 2252 1189 2308 cuj
1195 2267 1244 2294 us
1259 2251 1321 2294 rei
1335 2251 1627 2293 testimonium
1639 2251 1738 2293 huic
1752 2249 1952 2306 praesenti
1965 2252 2077 2292 carte

125 2360 271 2388 meum
291 2346 484 2403 sigillum
505 2344 696 2401 apposui.
758 2344 863 2386 Hiis
892 2343 1072 2386 testibus
1104 2376 1113 2385 .
1146 2342 1344 2385 Dominis
1374 2342 1593 2384 HENRIGO
1623 2343 1675 2384 de
1707 2340 2042 2397 UMF[R]Av1LE
2067 2374 2075 2382 .

124 2435 315 2479 ROGERO
335 2437 388 2479 de
409 2435 717 2478 BERKEROLES
739 2468 748 2477 .
772 2434 1008 2476 EDWARDO
1030 2435 1082 2475 de
1103 2433 1393 2477 STRADELING
1416 2467 1425 2475 .
1448 2432 1477 2475 J
1479 2446 1666 2474 OHANNE
1688 2432 1740 2474 de
1767 2431 1933 2474 AVENE
1960 2431 2073 2473 mili-

125 2526 241 2570 tibus
263 2561 271 2570 .
295 2526 576 2569 LEWELLmo
600 2541 653 2582 ap
674 2524 798 2567 KEN'
819 2559 827 2567 .
850 2524 1052 2567 ΜΑΤΗΕΟ
1072 2525 1111 2566 10
1133 2524 1248 2567 80011
1270 2559 1277 2566 .
1302 2523 1586 2566 ALEXANDRO
1605 2523 1644 2565 le
1664 2522 1779 2566 soon
1801 2555 1809 2564 .
1833 2526 1876 2564 et
1906 2521 2074 2564 Tuom

125 2618 179 2660 de
199 2617 471 2660 ESTBARREY
495 2620 538 2660 et
559 2616 708 2659 multis
728 2616 835 2659 aliis.

185 2708 351 2751 Datum
390 2709 507 2764 apud
542 2707 777 2750 PENMARK
815 2740 824 2749 .
862 2707 931 2749 die
972 2706 1127 2748 Martis
1166 2705 1358 2761 proximo
1399 2707 1498 2746 ante
1531 2704 1690 2746 festmn
1729 2701 2074 2745 annunciacionis

126 2798 262 2842 beatae
294 2799 455 2842 MAmE
488 2799 669 2856 virginis
706 2832 714 2841 .
750 2813 863 2840 anno
904 2797 1029 2854 regni
1068 2797 1202 2853 Regis
1242 2796 1468 2838 EDWARDI
1507 2795 1627 2838 tercii
1665 2798 1759 2851 post
1798 2796 2074 2849 conquestum

128 2890 430 2933 tertiodecimo.
