2386 3645
339 289 448 331 1238

273 497 336 539 rei
356 496 650 538 testimonium
678 495 777 537 huic
797 494 983 551 presenti
1011 497 1123 536 carte
1143 508 1236 536 mee
1266 493 1456 549 sigillum
1477 508 1619 534 meum
1640 493 1827 549 apposui.
1890 493 1992 535 Hiis
2012 492 2189 536 testibus
2203 526 2214 536 .

270 586 500 629 MORGANO
528 585 721 628 Tmom’
743 590 846 628 tunc
865 585 1022 628 ballivo
1044 586 1096 626 de
1123 584 1306 627 Knvm
1339 618 1348 626 .
1383 584 1501 626 REso
1523 599 1576 639 ap
1603 582 1821 625 HOWELL'
1843 583 2001 625 bidello
2022 583 2181 626 ibidem
2204 618 2214 627 .

269 677 426 720 DAvn)
447 693 500 734 ap
522 677 811 719 LLEWELLYN
833 692 886 732 ap
907 676 1093 718 MEURIC
1125 709 1133 718 .
1167 675 1350 718 MAIDoc
1371 675 1517 718 vom
1552 708 1560 716 .
1595 674 1764 718 WYLIN
1785 674 1859 716 Do
1882 689 1934 729 ap
1956 674 2130 717 WYLIM
2160 689 2215 730 ap

268 767 457 811 Mnmuc
479 801 488 810 .
513 767 739 810 GRIFFINO
760 766 975 809 KETHYN'
999 800 1008 809 .
1031 766 1060 809 J
1066 781 1184 807 EVAN
1207 782 1260 821 ap
1282 766 1436 807 DAvn)
1458 781 1511 821 ap
1532 765 1822 807 LLEWELLYN
1845 769 1886 807 et
1908 765 2055 807 multis
2076 765 2183 808 aliis.

326 858 491 901 Datum
520 860 634 915 apud
655 859 859 913 capellam
890 856 1037 899 Sancti
1068 856 1234 898 Tuom
1266 857 1467 911 martyris
1487 857 1533 898 in
1562 855 1743 898 KYLvm
1768 856 1904 912 primo
1926 856 1993 898 die
2014 855 2043 898 J
2046 856 2212 898 anuarii
2261 877 2277 902 x

268 965 381 993 anno
402 966 434 992 r.
460 950 514 992 R.
539 949 765 991 EDWARm
786 949 905 991 tercii
925 951 1020 1004 post
1041 950 1318 1002 conquestum
1340 948 1468 990 tercio
1490 948 1663 989 decimo.

322 1041 594 1083 Entitled—‘
609 1039 800 1096 Kylvei.'

1042 1413 1434 1457 DGOCOLXXX.

367 1523 584 1567 GRANT
633 1522 720 1565 BY
761 1521 1021 1565 GRONOU
1061 1521 1143 1564 ΑΡ
1191 1520 1435 1564 ORADOO
1476 1520 1673 1564 WYTH
1717 1520 1795 1563 OF
1834 1519 2010 1563 LAND
2052 1520 2126 1564 IN

534 1613 781 1658 KYLVEI
823 1613 898 1656 TO
941 1613 1042 1656 SIR
1084 1612 1334 1655 ROBERT
1378 1612 1460 1654 DE
1502 1611 1760 1664 PENRES,
1802 1611 1948 1655 KNT.

977 1720 1209 1778 [MARGAM
1242 1719 1499 1777 CHARTER]

1373 1830 1392 1870 1
1427 1829 1533 1872 JAN.
1599 1829 1651 1870 13
1683 1828 1810 1871 Enw.
1845 1828 1935 1871 III.
2029 1829 2154 1871 1340.

317 1939 463 1982 Sciant
483 1942 699 1995 presentes
720 1942 762 1981 et
783 1938 922 1981 futuri
943 1939 1057 1994 quod
1079 1952 1158 1994 ego
1181 1936 1369 1980 GRONOU
1394 1952 1446 1993 ap
1469 1935 1648 1979 OnAnoc
1671 1935 1823 1979 WYTH
1845 1936 1943 1978 dedi
1965 1936 2148 1979 concessi
2168 1938 2213 1979 et

256 2030 335 2073 hac
355 2030 540 2086 presenti
561 2032 677 2072 carta
706 2044 801 2071 mea
832 2028 1077 2071 confirmavi
1098 2028 1270 2071 domino
1301 2028 1513 2070 Romam-0
1545 2028 1597 2069 de
1618 2026 1799 2069 PENRES
1829 2027 1959 2069 militi
1979 2030 2064 2070 tres
2094 2043 2211 2070 acras

258 2123 369 2164 terre
405 2120 597 2163 arrabilis
632 2123 676 2163 et
709 2135 842 2162 unam
872 2134 1013 2162 acram
1045 2119 1159 2162 bosci
1192 2134 1273 2174 que
1305 2122 1417 2160 terra
1450 2122 1492 2160 et
1519 2117 1668 2160 boscus
1698 2117 1727 2160 J
1731 2131 1852 2159 EVAN
1883 2133 1937 2173 ap
1968 2117 2123 2160 DAvm
2155 2133 2210 2175 ap

260 2211 452 2255 GRONOU
493 2212 709 2267 quondam
743 2210 884 2253 tenuit
923 2211 970 2252 in
1009 2211 1175 2252 DREME
1218 2210 1508 2252 EGomvaNN
1549 2208 1895 2251 BRINEKENONN
1930 2208 1975 2250 in
2012 2207 2210 2252 KYLVEI.

261 2303 528 2346 Habendum
558 2305 601 2345 et
625 2303 860 2344 tenendum
887 2304 1023 2344 totam
1054 2301 1288 2357 predictam
1316 2304 1474 2343 terram
1503 2303 1546 2341 et
1575 2299 1748 2342 boscum
1776 2313 1873 2340 cum
1901 2299 2098 2342 omnibus
2126 2300 2213 2343 suis

260 2394 533 2452 pertinenciis
560 2393 749 2449 predicto
780 2392 952 2435 domino
984 2392 1199 2434 Ronmm
1229 2393 1282 2434 de
1310 2391 1494 2433 PENRES
1521 2389 1748 2432 heredibus
1775 2389 1843 2431 vel
1871 2390 2096 2446 assignatis
2124 2391 2212 2434 suis

261 2485 393 2528 libere
429 2485 570 2540 quiete
601 2483 710 2526 bene
745 2486 787 2526 et
821 2483 868 2525 in
900 2499 1002 2539 pace
1034 2483 1130 2540 jure
1165 2486 1208 2525 et
1242 2482 1496 2525 hereditarie
1531 2482 1845 2537 imperpetuum
1875 2481 1928 2522 de
1958 2481 2213 2536 capitalibus

263 2576 446 2620 dominis
466 2575 582 2618 feodi
601 2574 717 2617 illius
736 2589 812 2630 per
837 2575 1030 2617 redditus
1053 2577 1096 2616 et
1116 2575 1290 2617 servicia
1310 2574 1410 2616 inde
1431 2572 1574 2615 debita
1601 2575 1643 2615 et
1673 2572 1726 2613 de
1756 2571 1852 2627 jure
1881 2575 2091 2614 consueta.
2149 2573 2212 2616 Et

263 2684 342 2726 ego
363 2668 577 2723 predictus
602 2665 792 2709 GnoNon
814 2681 867 2722 ap
893 2665 1072 2709 ORAnoc
1092 2665 1236 2710 Wrm
1257 2669 1301 2708 et
1320 2665 1494 2706 heredes
1521 2663 1605 2705 mei
1632 2665 1767 2705 totam
1791 2662 2026 2717 predictam
2055 2665 2214 2708 terram

264 2764 308 2804 et
333 2760 506 2803 boscum
534 2774 631 2801 cum
661 2758 857 2801 omnibus
886 2758 971 2800 suis
997 2757 1270 2814 pertinenciis
1300 2756 1490 2813 predicto
1518 2755 1692 2797 domino
1718 2754 1931 2796 Rommo
1952 2755 2005 2796 de
2033 2753 2216 2799 PENREs

262 2852 488 2895 heredibus
509 2853 552 2893 et
573 2850 798 2906 assignatis
819 2850 905 2892 suis
925 2852 1072 2892 contra
1093 2864 1238 2892 omnes
1260 2848 1457 2891 mortales
1480 2845 1850 2888 warantizabimus
1879 2845 2215 2900 acquietabimus

264 2946 307 2986 et
333 2943 635 2998 inperpetuum
659 2940 950 2983 defendemus.
1012 2940 1068 2983 In
1089 2940 1213 2996 cujus
1241 2940 1303 2982 rei
1335 2937 1626 2981 testimonium
1647 2936 1747 2978 huic
1772 2936 1958 2991 presenti
1988 2940 2099 2979 carte
2119 2953 2214 2982 mee

264 3035 455 3092 sigillum
484 3048 628 3076 meum
656 3031 845 3088 apposui.
908 3031 1010 3074 Hiis
1029 3031 1209 3074 testibus
1231 3065 1239 3074 .
1262 3030 1493 3072 MORGANo
1516 3028 1697 3070 'I'HLom
1726 3026 1885 3069 ballivo
1917 3027 1970 3069 de
2001 3026 2186 3072 Km-E1
2204 3065 2215 3074 .
