2386 3645
322 258 433 299 1530

261 466 304 506 et
324 464 429 506 duas
449 479 564 506 acras
579 464 691 520 prati
711 479 807 506 cum
827 464 1098 520 pertinenciis
1119 464 1204 507 suis
1224 464 1389 520 prefato
1410 464 1667 509 WILLELMO
1680 465 1905 508 heredibus
1921 469 1963 508 et
1979 466 2205 522 assignatis

260 555 346 597 suis
386 555 431 597 in
474 555 613 598 forma
651 555 840 611 predicta
882 557 1028 597 contra
1069 570 1214 597 omnes
1248 558 1397 611 gentes
1427 555 1763 598 warantizabunt
1794 558 1837 597 et
1866 556 2100 598 defendent
2131 571 2207 612 per

257 648 483 701 presentes.
545 645 602 688 In
633 646 756 702 cujus
776 647 836 688 rei
866 646 1158 688 testimonium
1188 644 1271 688 hiis
1300 646 1539 689 indenturis
1569 649 1709 702 partes
1739 646 1925 702 predicte
1957 646 2100 702 sigilla
2130 661 2206 689 sua

255 737 502 779 alternatim
533 742 832 793 apposuerunt.

314 826 416 869 Hiis
436 827 616 870 testibus
638 861 647 870 .
671 828 838 871 ΤΗΟΜΑ
859 827 1149 870 HERDBERDE
1173 861 1182 871 .
1208 827 1418 869 RoBER'ro
1437 827 1573 870 ΤΗΟΜ
1598 859 1606 868 .
1629 827 1659 871 J
1662 841 1850 869 OHANNE
1871 828 1923 870 de
1944 826 2164 870 STABULL’
2189 861 2198 870 .

254 920 297 960 et
318 918 423 960 aliis.

310 1009 427 1051 Data
447 1010 562 1065 apud
584 1010 776 1051 COITYFF
798 1012 916 1052 sexto
938 1010 1006 1052 die
1026 1009 1182 1052 mensis
1206 1009 1371 1065 Aprilis
1391 1024 1504 1051 anno
1534 1009 1657 1066 regni
1687 1009 1822 1066 Regis
1853 1009 2060 1052 HENRICI
2092 1009 2200 1052 sexti

250 1103 344 1155 post
367 1103 642 1155 conquestum
665 1101 827 1156 quinto.

308 1191 405 1234 Seal
426 1192 520 1234 lost.

938 1248 1000 1276 For
1021 1247 1173 1276 Laleston
1195 1256 1247 1276 see
1269 1246 1501 1277 CCCCXCIX.

1049 1483 1390 1527 MCXXXVII.

245 1594 416 1639 WILL
466 1594 544 1637 OF
604 1593 854 1636 ROBERT
916 1592 1157 1644 WALSH,
1220 1592 1364 1644 ESQ„
1428 1592 1824 1636 OONTAINING
1874 1591 2194 1638 BEQUESTS

682 1684 758 1727 TO
809 1683 1154 1727 LLANDAFF
1207 1683 1608 1736 OATHEDRAL,
1661 1684 1765 1726 Ero.

523 1792 681 1849 [PRon.
718 1792 791 1835 OT.
825 1806 878 1834 OF
910 1791 1231 1844 CANTERBURY,
1264 1791 1379 1834 ΒΕΘ.
1413 1791 1684 1843 ΒΑῈΕΕΝΑΜ,
1717 1791 1822 1833 Fon.
1858 1790 1922 1847 8.]

1767 1899 1792 1938 6
1825 1898 1945 1939 Mn.
2011 1898 2135 1939 1427.

302 2010 357 2052 In
373 2009 458 2051 Dei
473 2008 644 2050 nomine
657 2007 801 2050 Amen
818 2010 936 2050 sexto
950 2007 1018 2049 die
1033 2007 1189 2050 mensis
1205 2007 1314 2049 Maii
1327 2022 1439 2049 anno
1452 2006 1630 2049 Domini
1643 2006 1870 2048 millesimo
1884 2012 2032 2048 ccccm
2046 2020 2195 2048 xxvn.

243 2100 341 2158 Ego
363 2101 603 2143 ROBERTUS
624 2099 801 2142 WALSH
823 2099 1007 2155 armiger
1027 2099 1126 2140 licet
1147 2114 1247 2154 eger
1268 2098 1451 2153 corporis
1485 2112 1612 2140 sanus
1649 2097 1804 2139 mentis
1834 2098 2005 2153 penitus
2036 2096 2196 2139 salubri

241 2191 607 2248 praemeditatione
649 2190 763 2232 diem
803 2205 908 2232 meae
936 2189 1282 2246 perigrinationis
1313 2191 1551 2231 extremum
1589 2188 1857 2230 considerans
1896 2191 1939 2229 et
1969 2188 2194 2230 attendens

246 2284 360 2340 quod
391 2281 610 2338 praesentis
632 2282 731 2324 vitae
761 2281 949 2323 condicio
977 2283 1137 2322 statum
1168 2280 1296 2322 habet
1317 2279 1560 2322 instabilem
1582 2282 1625 2320 et
1656 2280 1769 2334 quod
1801 2279 1947 2321 breves
1978 2282 2078 2321 sunt
2108 2279 2198 2322 dies

244 2374 429 2417 hominis
449 2388 574 2428 super
592 2378 750 2414 terram
771 2371 844 2426 qui
865 2386 1067 2413 numerus
1088 2371 1253 2413 dierum
1274 2371 1390 2425 apud
1414 2370 1558 2412 Deum
1579 2370 1787 2411 retinetur
1817 2385 1865 2412 ac
1895 2369 2027 2412 nichil
2047 2371 2200 2413 certius

243 2468 306 2508 est
326 2480 454 2520 quam
474 2479 587 2506 mors
607 2463 739 2505 nichil
759 2463 960 2505 incertius
981 2477 1110 2517 quam
1132 2462 1237 2504 hora
1258 2461 1407 2504 mortis
1427 2461 1581 2503 idcirco
1608 2461 1720 2503 bona
1750 2461 1879 2503 michi
1910 2462 2014 2504 adeo
2045 2461 2199 2504 collata

244 2557 393 2599 nolens
421 2555 664 2598 inordinata
693 2554 931 2610 relinquere
962 2555 1016 2595 ad
1047 2554 1178 2609 ipsius
1218 2553 1389 2595 laudem
1421 2555 1462 2594 et
1492 2552 1696 2594 honorem
1727 2553 1861 2594 condo
1891 2554 2196 2595 testamentum

245 2662 389 2689 meum
410 2646 455 2688 in
475 2646 590 2688 hunc
611 2646 785 2687 modum
801 2660 871 2686 :—

388 2737 444 2779 In
464 2736 611 2792 primis
631 2736 728 2792 lego
749 2736 938 2778 animam
965 2735 1169 2777 altissimo
1191 2734 1381 2776 Creatori
1401 2749 1495 2776 meo
1524 2733 1645 2775 beate
1675 2733 1836 2775 MARIE
1867 2733 1995 2775 matri
2029 2733 2122 2790 ejus
2153 2735 2196 2776 et

329 2827 525 2870 omnibus
575 2826 727 2869 sanctis
769 2841 1002 2882 corpusque
1051 2840 1196 2868 meum
1235 2826 1290 2867 ad
1341 2825 1631 2880 sepeliendum
1685 2824 1729 2866 in
1777 2824 1960 2866 cancello
2013 2824 2195 2866 ecclesiae

333 2917 584 2973 parochialis
614 2917 667 2958 de
696 2915 953 2959 LANGRYGA
985 2932 1036 2958 ex
1062 2915 1307 2972 o[p]posito
1340 2930 1504 2957 summo
1539 2914 1676 2956 altari.
1754 2914 1868 2956 Item
1899 2914 1995 2969 lego
2026 2913 2195 2957 fabrioae

331 3006 642 3064 Gath[edralis]
700 3008 881 3050 ecclesiae
939 3006 1261 3049 LANDAVENSIS
1312 3021 1390 3048 VIS.
1435 3008 1564 3047 and.
1639 3004 1752 3047 Item
1802 3004 1972 3047 fabricae
2013 3006 2196 3048 ecclesiae
