2386 3645
1903 298 2013 340 1575

219 498 441 541 OGEMORE
484 530 492 539 .
528 496 664 552 Super
703 511 787 552 quo
827 496 988 539 dictum
1027 497 1252 540 consilium
1291 499 1503 542 ordinavit
1542 503 1585 543 et
1619 502 1737 544 dedit
1774 503 1821 545 10
1859 504 2072 547 mandatis

218 588 452 633 WALTERO
474 586 676 630 GORFEN’
698 587 846 629 clerico
871 587 1082 643 generalis
1109 587 1358 644 Receptoris
1385 591 1519 632 nostri
1540 592 1717 634 ducatus
1741 594 1874 635 nostri
1893 595 2072 650 predicti

215 679 271 721 ad
310 679 586 721 scrutandum
618 677 855 720 evidencias
887 677 1079 733 ejusdem
1113 679 1290 721 ducatus
1322 680 1368 722 in
1401 681 1590 723 custodia
1624 682 1653 724 J
1656 697 1854 726 OHANMs
1888 683 2070 727 LEVEN-

215 770 378 813 THoRP'
401 770 628 812 existentes
648 784 695 811 ac
710 768 963 811 relacionem
983 769 1083 811 inde
1103 769 1241 812 facere
1263 773 1306 813 et
1326 771 1554 814 certificare
1584 773 1696 815 dicto
1726 774 1898 816 consilio
1928 778 2070 818 nostro

215 861 261 904 id
282 861 396 916 quod
414 861 504 916 ipse
524 860 570 901 in
590 859 768 901 materia
787 860 863 901 illa
892 860 1104 902 inveniret
1132 864 1221 902 tam
1249 876 1324 916 pro
1355 865 1475 917 parte
1502 865 1646 904 nostra
1681 878 1809 918 quam
1843 880 1919 919 pro
1953 868 2072 920 parte

214 953 501 1009 predictorum
521 950 685 993 abbatis
707 953 747 992 et
769 953 1013 1003 conventus,
1035 954 1078 993 et
1098 952 1323 1008 superinde
1340 953 1479 995 eidem
1495 953 1640 996 abbati
1654 969 1900 1010 responsum
1920 955 2071 1008 facere,

212 1045 340 1099 prout
371 1057 446 1098 per
478 1042 691 1097 quendam
728 1043 870 1084 actum
909 1042 954 1084 10
986 1042 1099 1084 dicto
1130 1043 1305 1085 concilio
1336 1047 1479 1086 nostro
1508 1044 1676 1100 plenius
1709 1049 1883 1101 apparet
1917 1080 1924 1088 .
1959 1047 2073 1102 quod

213 1134 385 1190 quidem
407 1133 658 1175 scrutinium
678 1132 842 1175 factum
861 1132 948 1174 11111
968 1136 1010 1175 01
1031 1133 1164 1175 nichil
1183 1149 1326 1176 versus
1346 1135 1532 1190 prefatos
1547 1134 1744 1178 abbatem
1760 1138 1802 1177 et
1818 1140 2074 1179 conventum

211 1228 426 1280 repertum
456 1224 600 1266 extitit
634 1226 683 1265 ut
713 1223 882 1275 dicitur,
913 1238 1038 1279 super
1070 1239 1152 1279 quo
1178 1225 1309 1267 iidem
1340 1225 1468 1267 abbas
1498 1228 1541 1268 et
1569 1230 1800 1268 conventus
1827 1227 1882 1269 ad
1912 1227 2073 1270 dictum

213 1316 435 1358 consilium
454 1318 648 1357 nostrum
670 1314 878 1370 prosecuti
900 1315 1077 1357 fuerunt
1097 1330 1172 1370 pro
1192 1315 1444 1358 liberacione
1464 1319 1674 1359 terrarum
1700 1304 2070 1373 (tenementorum)

210 1406 446 1449 molendini
467 1420 675 1461 aquarum
706 1408 926 1460 pratorum
955 1408 1225 1461 pasturarum
1256 1422 1478 1449 nemorum
1511 1408 1757 1450 reddituum
1787 1409 2075 1451 reversionum

212 1501 255 1540 et
276 1497 546 1540 serviciorum
566 1496 852 1552 predictorum
873 1496 1082 1548 habenda,
1105 1499 1218 1552 quod
1248 1498 1307 1540 eis
1337 1500 1386 1540 ut
1413 1501 1605 1540 asserunt
1635 1499 1780 1541 extitit
1804 1500 2074 1555 denegatum.

213 1588 447 1631 Consilium
467 1590 613 1629 tamen
633 1591 826 1629 nostrum
847 1587 1086 1642 predictum
1107 1589 1416 1643 appunctuavit
1437 1592 1479 1630 01
1499 1589 1714 1631 ordinavit
1728 1590 1891 1632 litteras
1911 1593 2076 1633 nostras

210 1679 288 1722 sub
310 1679 449 1734 sigillo
480 1680 623 1721 nostro
658 1678 837 1734 predicti
872 1679 1051 1721 ducatus
1082 1679 1216 1721 nostri
1245 1678 1458 1721 RossERTo
1486 1679 1688 1722 SYMOND’
1721 1681 1906 1723 auditori
1932 1685 2075 1724 nostro

208 1771 388 1813 ducatus
409 1769 542 1811 nostri
562 1769 743 1824 predicti
773 1784 821 1810 ac
850 1769 1056 1824 receptori
1088 1773 1231 1812 nostro
1261 1771 1312 1811 de
1344 1770 1641 1812 MONEMOTHA
1671 1771 1762 1813 fore
1794 1771 2040 1828 dirigendas
2063 1806 2071 1814 .

209 1862 268 1904 eis
316 1861 595 1917 injungentes
644 1861 699 1901 ad
749 1861 1024 1902 scrutandum
1075 1860 1312 1902 evidencias
1361 1864 1525 1903 nostras
1574 1863 1688 1917 apud
1737 1861 2072 1904 MONEMOTHAM

209 1951 430 1994 OGEMORE
452 1954 494 1993 et
515 1950 782 1993 KEDWELLY
804 1984 812 1992 .
837 1953 879 1992 et
899 1951 954 1992 ad
975 1950 1294 1992 certificandum
1315 1951 1541 2006 superinde
1563 1952 1618 1993 ad
1639 1951 1901 2007 quindenam
1925 1951 2071 1994 Sancti
2090 1951 2095 1953 ’

205 2042 465 2084 MICHAELIS
485 2042 638 2084 ultimo
658 2042 924 2097 preteritum,
947 2042 1109 2083 dictum
1130 2041 1353 2083 consilium
1382 2045 1577 2084 nostrum
1605 2057 1729 2084 omne
1762 2042 1807 2084 id
1843 2042 1957 2097 quod
1988 2041 2069 2097 ipsi

206 2134 259 2176 de
280 2134 393 2175 dicta
412 2133 590 2175 materia
612 2132 767 2174 scirent
782 2132 975 2174 invenire
991 2137 1080 2174 tam
1096 2147 1171 2188 pro
1187 2135 1307 2187 parte
1323 2135 1467 2174 nostra
1483 2148 1611 2187 quam
1632 2148 1708 2189 pro
1724 2135 1844 2188 parte
1861 2133 2070 2175 dictorum

205 2224 370 2267 abbatis
391 2229 432 2266 et
453 2228 697 2276 conventus,
721 2239 802 2278 que
819 2224 991 2278 quidem
1013 2224 1258 2265 certificacio
1279 2226 1495 2265 retornata
1523 2226 1566 2266 et
1595 2223 1828 2265 deliberata
1860 2228 1921 2266 est
1954 2224 2066 2265 dicto

204 2315 378 2357 consilio
407 2318 563 2366 nostro,
587 2317 629 2356 et
659 2314 790 2356 nichil
810 2329 954 2356 versus
985 2314 1152 2356 eosdem
1173 2313 1369 2355 abbatem
1401 2318 1443 2355 et
1474 2316 1730 2356 conventum
1749 2317 1965 2369 repertum
1984 2313 2067 2355 11111

202 2406 361 2449 ibidem
383 2439 391 2447 .
416 2408 479 2447 set
507 2405 561 2447 ob
582 2405 797 2447 defectum
818 2405 1044 2447 solucionis
1074 2404 1359 2460 predictorum
1381 2404 1667 2461 quadraginta
1688 2405 1918 2447 solidorum
1938 2406 2065 2459 prout

203 2497 395 2553 superius
415 2499 478 2538 est
506 2496 731 2538 recitatum
756 2530 764 2538 .
788 2497 902 2551 quod
932 2496 1043 2551 ipsos
1075 2497 1218 2537 causat
1239 2494 1404 2536 nullam
1424 2494 1722 2537 liberacionem
1743 2495 1901 2537 eisdem
1921 2494 2066 2537 abbati

201 2591 244 2631 et
274 2587 502 2630 conventui
531 2586 677 2629 fecisse
698 2588 753 2629 ad
773 2586 1060 2642 importabilia
1080 2600 1208 2628 onera
1228 2585 1602 2628 exheredacionem
1622 2590 1664 2627 et
1685 2585 2063 2627 adnichilacionem

200 2679 410 2721 dictorum
434 2677 599 2720 abbatis
620 2680 663 2720 et
693 2680 924 2719 conventus
945 2680 987 2719 01
1008 2677 1177 2719 00010810
1199 2692 1271 2718 sue
1292 2676 1504 2719 antedicte
1525 2679 1652 2732 prout
1670 2691 1746 2732 per
1776 2676 1889 2732 ipsos
1916 2690 2060 2718 sumus

199 2768 552 2811 certitudinaliter
583 2767 818 2820 informati,
852 2767 1010 2823 absque
1047 2767 1186 2823 gratia
1218 2770 1362 2808 nostra
1392 2767 1562 2823 speciali
1594 2767 1653 2808 eis
1683 2766 1874 2809 exhibita
1903 2766 1948 2807 in
1980 2765 2059 2808 hac

198 2863 332 2916 parte.

256 2949 348 2993 Nos
360 2949 495 3005 igitur
509 2949 556 2991 in
572 2949 952 2992 consideracionem
965 2949 1264 3004 premissorum
1276 2964 1324 2991 ac
1336 2948 1469 2991 eciam
1481 2963 1556 3004 pro
1569 2963 1618 2990 eo
1635 2949 1748 3004 quod
1763 2948 1876 2990 dicta
1889 2948 2060 2991 ecclesia

200 3040 379 3098 grangie
401 3043 443 3083 et
463 3041 613 3082 domus
635 3040 772 3082 eidem
801 3040 1062 3096 pertinentes
1092 3042 1282 3095 tempore
1311 3038 1552 3102 rebellionis
1582 3038 1778 3083 WALLIE
1808 3039 1985 3094 spoliate
2016 3042 2058 3080 et
