2386 3645
1924 252 2035 293 1327

198 454 313 498 Item
333 455 483 498 dicunt
503 455 616 511 quod
636 457 737 497 sunt
756 455 872 510 apud
893 454 1230 498 OYSTREMOUTH
1261 456 1343 498 due
1374 459 1567 499 carucate
1596 460 1706 500 terre
1740 457 1759 514 [
1765 491 1947 501 .....
1980 457 2085 515 que]

135 545 281 589 valent
310 561 385 602 per
404 561 566 588 annum
586 553 630 587 cs·
656 547 699 588 et
719 545 777 588 sic
798 545 1078 588 dimittuntur
1107 546 1162 588 ad
1191 546 1360 588 firmam
1388 547 1636 590 solvendam
1665 548 1720 590 ad
1749 548 1907 591 festum
1936 549 2082 592 Sancti

139 636 413 680 MIOHAELIS.

197 736 313 780 Item
333 737 482 779 dicunt
503 737 617 792 quod
637 735 852 791 predictus
872 750 1010 778 comes
1029 736 1170 778 tenuit
1190 736 1259 779 die
1289 752 1372 792 quo
1406 736 1512 779 obiit
1543 737 1783 779 manerium
1815 738 1869 779 de
1896 737 2089 780 KYLVYE

141 828 197 871 ad
216 827 451 870 terminum
469 826 557 869 vite
576 826 710 883 ipsius
730 826 896 869 comitis
915 826 1206 871 WARREWICI
1227 829 1399 869 tentum
1420 842 1473 869 ex
1494 827 1757 870 concessione
1778 830 1821 870 et
1850 828 2090 871 reddicione

141 918 172 962 J
174 933 374 961 OHANNIS
395 919 447 960 de
469 918 769 960 BOKYNGHAM
796 916 1149 960 LINCOLNIENSIS
1176 918 1360 974 episcopi
1386 952 1394 960 .
1427 918 1457 962 J
1460 933 1661 961 oHANms
1689 919 1741 961 de
1769 918 2057 961 BEAUCHAMP
2081 953 2090 962 .

143 1012 186 1053 et
206 1009 388 1052 aliorum
407 1025 483 1065 per
503 1010 633 1052 finem
648 1010 748 1052 inde
769 1009 960 1052 levatum
979 1009 1026 1052 in
1048 1009 1164 1052 curia
1185 1009 1348 1053 domini
1369 1009 1505 1066 Regis
1525 1025 1640 1052 nunc
1661 1025 1774 1052 anno
1805 1010 1928 1066 regni
1962 1010 2094 1066 ipsius

141 1100 277 1158 Regis
297 1117 413 1144 nunc
432 1103 596 1144 xxxv'ffl·
620 1135 629 1144 .
667 1101 935 1144 Habendum
955 1104 998 1144 et
1017 1102 1252 1144 tenendum
1272 1102 1512 1158 predictum
1531 1101 1772 1144 manerium
1793 1101 1931 1144 eidem
1952 1102 2096 1145 comiti

144 1193 199 1235 ad
218 1195 356 1236 totam
377 1193 511 1236 vitam
532 1208 665 1236 suam.

200 1291 275 1335 Ita
294 1292 408 1349 quod
428 1294 524 1349 post
553 1296 735 1335 mortem
767 1292 872 1335 dicti
899 1292 1065 1335 comitis
1091 1291 1208 1335 idem
1238 1293 1479 1336 manerium
1514 1293 1566 1335 de
1599 1291 1824 1335 KYLVEYE
1858 1296 2096 1335 remaneret

143 1382 312 1426 ΤΗοΜΕ
352 1383 441 1426 fih’o
480 1383 675 1439 ejusdem
714 1383 879 1426 comitis
920 1386 962 1426 et
1001 1383 1227 1426 heredibus
1266 1383 1464 1426 masculis
1503 1384 1557 1426 de
1590 1398 1762 1440 corpore
1798 1398 1873 1426 suo
1904 1383 2097 1440 legitime

143 1474 384 1532 procreatis.

205 1573 267 1617 Et
305 1574 456 1616 dicunt
495 1574 610 1629 quod
650 1576 751 1616 sunt
789 1573 950 1616 ibidem
981 1574 1042 1616 21¹⁴L
1074 1573 1267 1617 redditus
1305 1574 1432 1616 assise
1470 1589 1547 1630 per
1586 1589 1748 1617 annum
1782 1574 2008 1617 solvendus
2046 1575 2102 1616 ad

143 1665 352 1708 terminus
371 1664 734 1708 Annunciationis
763 1663 887 1708 beate
917 1665 1077 1708 MARIE
1098 1668 1141 1707 et
1161 1664 1308 1708 Sancti
1327 1665 1588 1708 MIGHAELIS
1608 1665 1727 1722 equis
1742 1665 2021 1722 porcionibus.

205 1767 318 1808 Item
334 1765 484 1808 dicunt
505 1766 619 1821 quod
640 1768 702 1808 est
720 1764 881 1808 ibidem
903 1766 1087 1821 quedam
1108 1765 1224 1808 curia
1243 1766 1430 1808 tenenda
1463 1766 1516 1808 de
1542 1780 1686 1808 mense
1717 1765 1764 1808 in
1795 1780 1983 1808 mensem
2017 1780 2100 1822 que

145 1857 261 1900 valet
279 1872 354 1913 per
374 1872 538 1899 annum
558 1857 614 1899 ad.
633 1864 714 1899 XLS·

203 1955 318 1999 Item
338 1956 487 1998 dicunt
507 1956 622 2011 quod
643 1958 742 1998 sunt
762 1955 918 1998 diversi
949 1956 1143 2013 gurgites
1164 1971 1272 2011 aque
1293 1956 1346 1999 de
1367 1955 1510 1999 TAWY
1546 1972 1628 2012 que
1655 1957 1800 1999 valent
1831 1971 1906 2012 per
1936 1971 2098 1998 annum

145 2055 189 2090 οε·
226 2051 269 2090 et
312 2047 371 2090 sic
416 2047 580 2090 dimissi
629 2049 730 2089 sunt
768 2047 824 2089 ad
863 2047 1031 2089 firmam
1070 2047 1317 2090 solvendam
1357 2048 1412 2090 ad
1452 2047 1612 2090 festum
1659 2047 1915 2090 Nativitatis
1953 2046 2100 2090 Sancti

145 2138 175 2182 J
178 2152 378 2181 oHANNis
408 2137 645 2180 BAPTISTE.

202 2237 317 2280 Item
338 2240 401 2280 est
420 2237 581 2280 ibidem
601 2237 777 2293 quidam
806 2240 962 2294 puteus
991 2237 1223 2280 carbonum
1252 2238 1565 2281 maritimorum
1595 2237 1670 2294 qui
1696 2238 1809 2280 valet
1835 2252 1911 2294 per
1937 2252 2099 2281 annum

147 2335 191 2371 οὓ·
221 2331 264 2371 et
284 2328 342 2371 sic
363 2328 560 2370 dimissus
581 2330 645 2371 est
665 2329 720 2371 ad
740 2329 908 2371 firmam
929 2329 1176 2371 solvendam
1197 2330 1252 2371 ad
1271 2328 1431 2371 festum
1452 2328 1601 2372 Sancti
1621 2328 1893 2371 MICHAELIS.

203 2436 319 2479 Item
339 2437 488 2479 dicunt
509 2437 622 2492 quod
643 2439 707 2479 est
726 2435 887 2479 ibidem
906 2452 1018 2479 unus
1039 2437 1264 2480 comitatus
1285 2436 1543 2481 WALSHRIE
1564 2437 1775 2479 tenendus
1795 2437 1848 2479 de
1877 2451 2021 2479 mense
2052 2436 2098 2478 in

143 2543 334 2572 mensem
353 2528 427 2585 qui
448 2528 563 2570 valet
583 2542 659 2584 per
679 2543 842 2570 annum
863 2542 906 2570 x.
931 2543 1105 2571 marcas.

204 2627 267 2672 Et
287 2630 350 2671 est
369 2627 529 2670 ibidem
558 2627 605 2670 in
636 2627 887 2684 suprabosco
924 2627 1146 2670 GOWARIE
1179 2628 1268 2670 XLU·
1300 2627 1493 2670 redditus
1527 2626 1752 2670 annuatim
1783 2626 2008 2669 solvendus
2042 2627 2097 2669 ad

145 2718 303 2761 festum
322 2717 685 2761 Annunciationis
704 2717 878 2760 beatum
898 2718 1061 2761 MARm
1082 2721 1124 2761 et
1142 2717 1291 2761 Sancti
1309 2717 1570 2760 MIoHAEms
1590 2717 1709 2773 equis
1727 2715 2007 2773 porcionibus.

204 2826 321 2869 Item
339 2829 514 2882 pastura
541 2826 594 2868 de
624 2825 783 2868 foresta
814 2826 1006 2882 predicta
1037 2827 1091 2869 de
1123 2825 1375 2882 suprabosco
1406 2825 1522 2868 valet
1555 2839 1631 2881 per
1662 2838 1825 2866 annum
1856 2838 1899 2866 x,
1935 2839 2098 2867 marcas

145 2918 260 2961 inter
278 2917 389 2959 festa
412 2950 420 2960 .
445 2950 454 2959 .
479 2951 488 2960 .
514 2951 523 2959 .
545 2917 562 2959 l
585 2949 767 2960 ......
795 2916 881 2974 [et]
907 2917 1099 2960 omnium
1119 2916 1374 2959 Sanctorum
1398 2915 1515 2974 [sed]
1541 2915 1655 2958 ultra
1674 2915 1912 2971 predictum
1938 2914 2097 2958 festum

147 3007 342 3052 omnium
361 3006 616 3050 Sanctorum
636 3007 771 3050 nichil
791 3007 906 3051 valet
926 3008 1028 3064 quia
1048 3007 1283 3050 communis
1303 3009 1378 3049 est.
