2386 3645
1964 268 2074 309 1387

192 477 262 533 jus
282 481 325 520 et
344 477 624 520 hereditatem
646 489 764 517 suam
796 488 877 528 que
907 472 1061 514 clamat
1091 475 1234 514 tenere
1265 472 1317 514 de
1347 471 1520 513 domino
1550 471 1671 526 Rege
1695 472 1742 514 in
1763 474 1910 528 capite,
1933 478 2009 516 etc.
2071 475 2131 518 Et

192 569 306 609 unde
336 568 438 610 dicit
469 567 582 622 quod
612 565 786 621 quidam
816 562 1102 606 Wxnmmms
1132 565 1367 604 antecessor
1397 561 1491 617 ejus
1530 562 1615 603 fuit
1648 562 1813 604 seisitus
1847 565 1899 606 de
1933 565 2130 620 predictis

192 662 326 701 castro
357 661 399 700 et
429 660 542 700 terra
571 670 667 698 cum
696 653 965 710 pertinentiis
993 653 1040 695 in
1071 652 1281 694 dominico
1309 666 1384 694 suo
1405 655 1453 694 ut
1474 653 1526 695 de
1546 651 1672 694 feodo
1693 657 1734 694 et
1755 653 1807 695 de
1827 653 1922 709 jure
1942 659 2128 711 tempore

192 748 306 805 pacis
340 752 529 803 tempore
564 744 727 788 domini
758 743 954 786 Rmfflm
987 743 1202 798 quondam
1236 742 1369 797 Regis
1409 741 1593 784 ANGLOE
1634 744 1936 799 consanguinei
1968 746 2129 787 domini

190 839 323 895 Regis
343 853 458 880 nunc
480 837 685 893 capiendo
710 835 812 877 inde
843 833 1052 889 explecias
1081 834 1136 875 ad
1163 833 1412 884 valenciam‚
1444 837 1521 875 etc.
1583 833 1643 875 Et
1673 834 1726 875 de
1754 834 1844 890 ipso
1876 834 2130 878 WILLELMO

189 930 264 985 qui
324 929 429 972 obiit
481 928 570 971 sine
635 927 790 969 herede
846 927 899 968 de
955 940 998 968 se
1054 925 1335 968 descendebat
1373 925 1457 980 jus,
1498 928 1591 977 eto„
1643 925 1811 967 cuidam
1860 925 2130 969 WALRANDO

189 1024 239 1062 ut
267 1019 392 1062 fratri
422 1023 464 1062 et
494 1018 652 1061 heredi.
714 1018 775 1060 Et
819 1019 872 1060 de
914 1017 1005 1073 ipso
1050 1016 1320 1060 WALRANDO
1365 1015 1645 1058 descendebat
1689 1015 1773 1071 jus,
1820 1019 1912 1067 etc,
1963 1017 2131 1060 cuidam

189 1109 403 1152 Hmmco
442 1113 491 1152 ut
532 1110 620 1152 filio
661 1112 704 1151 et
743 1108 901 1151 heredi.
979 1107 1040 1150 Et
1090 1109 1142 1150 de
1188 1107 1279 1163 ipso
1325 1106 1539 1149 HEcho
1589 1106 1868 1149 descendebat
1912 1107 1995 1163 jus,
2037 1112 2129 1160 etc„

194 1201 362 1243 cuidam
384 1200 553 1243 Tamna
584 1203 633 1242 ut
663 1200 751 1242 filio
781 1203 824 1242 et
853 1199 1010 1242 heredi.
1092 1199 1153 1241 Et
1193 1199 1245 1241 de
1283 1198 1374 1254 ipso
1414 1197 1581 1240 ΤΗΟΜΑ
1622 1197 1695 1252 qui
1726 1195 1831 1239 obiit
1861 1197 1950 1240 sine
1979 1197 2132 1240 herede

190 1293 242 1334 de
275 1306 330 1343 se,
360 1294 452 1344 etc.,
487 1290 766 1334 descendebat
796 1291 867 1346 jus
894 1290 1063 1333 cuidam
1097 1289 1348 1332 MARGERIE
1369 1298 1419 1330 ut
1449 1289 1579 1331 sorori
1609 1291 1651 1330 et
1681 1288 1839 1339 heredi,
1862 1293 1938 1331 etc.
2000 1289 2060 1332 Et
2081 1291 2133 1332 de

188 1383 280 1439 ipsa
300 1382 554 1425 MARGERIA
576 1397 657 1438 que
678 1382 784 1425 obiit
804 1382 894 1424 sine
915 1382 1067 1424 herede
1089 1382 1142 1423 de
1173 1396 1215 1423 se
1235 1380 1539 1423 resorciebatur
1558 1379 1642 1435 jus,
1674 1383 1766 1432 etc„
1797 1380 1965 1422 cuidam
1996 1380 2133 1424 WAL-

191 1488 341 1516 RANDO
361 1477 411 1516 ut
427 1474 637 1516 avunculo
651 1477 692 1515 et
710 1473 868 1525 heredi,
883 1476 976 1523 etc„
994 1472 1192 1514 videlicet
1207 1471 1331 1513 fratri
1348 1470 1553 1513 HEmuct
1574 1470 1706 1526 patris
1721 1470 1853 1526 ipsius
1869 1470 2133 1512 MARGERIE.

189 1563 250 1606 Et
281 1565 334 1607 de
363 1564 454 1621 ipso
485 1563 757 1608 WALRANDO
778 1562 852 1618 qui
872 1563 978 1606 obiit
999 1563 1088 1605 sine
1107 1562 1261 1604 herede
1291 1562 1343 1603 de
1375 1576 1416 1604 se
1447 1559 1726 1603 descendebat
1745 1559 1828 1615 jus,
1851 1563 1943 1612 etc,
1966 1561 2135 1603 cuidam

188 1655 352 1697 Amen-2
382 1661 432 1696 ut
473 1655 603 1697 sorori
634 1657 676 1697 et
713 1653 874 1706 heredi,
905 1657 982 1696 etc.
1057 1653 1118 1695 Et
1148 1654 1200 1695 de
1235 1652 1326 1708 ipsa
1360 1652 1525 1694 A11101A
1556 1652 1834 1694 descendebat
1864 1651 1935 1706 jus
1965 1652 2134 1694 cuidam

189 1745 448 1789 WILLELMO
475 1748 524 1788 ut
556 1745 644 1788 filio
670 1748 713 1788 et
739 1745 897 1795 heredi,
921 1748 997 1787 etc.
1061 1744 1121 1786 Et
1149 1745 1202 1786 de
1230 1744 1320 1799 ipso
1346 1743 1604 1787 WILLELMO
1632 1743 1705 1798 qui
1733 1742 1838 1784 obiit
1864 1743 1954 1784 sine
1981 1742 2134 1784 herede

186 1838 240 1879 de
272 1852 314 1879 se
344 1836 624 1880 descendebat
653 1836 737 1892 jus,
770 1841 863 1888 etc,
896 1836 1064 1878 cuidam
1094 1834 1315 1877 ISABELLE
1337 1840 1386 1876 ut
1415 1834 1545 1876 sorori
1573 1836 1615 1875 et
1645 1833 1802 1875 heredi.
1877 1833 1938 1874 Et
1963 1834 2015 1875 de
2044 1833 2136 1888 ipsa

186 1927 409 1970 ISABELLA
431 1927 711 1970 descendebat
727 1927 798 1982 jus
819 1927 988 1969 cuidam
1016 1925 1274 1969 WILLELMO
1295 1928 1345 1966 ut
1375 1925 1462 1966 filio
1483 1928 1525 1967 et
1554 1924 1712 1975 heredi,
1734 1927 1811 1966 etc.
1873 1923 1933 1966 Et
1963 1925 2015 1965 de
2044 1924 2136 1979 ipso

188 2017 445 2060 Wmmmo
481 2017 761 2060 descendebat
786 2017 871 2072 jus,
908 2021 1000 2069 etc.‚
1037 2017 1207 2059 cuidam
1240 2016 1269 2058 J
1272 2030 1449 2058 OHANNI
1477 2021 1526 2057 ut
1552 2015 1639 2057 filio
1667 2018 1710 2057 et
1737 2015 1894 2066 heredi,
1921 2018 1997 2057 etc.
2075 2014 2136 2057 Et

188 2109 240 2150 de
268 2109 360 2164 ipso
394 2108 423 2151 J
426 2123 614 2151 OHANNE
647 2109 720 2164 qui
752 2108 857 2151 obiit
887 2109 976 2151 sine
1011 2107 1237 2150 heredibus
1267 2108 1319 2149 de
1350 2121 1392 2148 se
1420 2105 1700 2149 descendebat
1729 2106 1812 2161 jus,
1842 2110 1935 2158 eto„
1968 2107 2136 2148 cuidam

189 2196 391 2240 Gmnom
412 2201 462 2241 ut
481 2199 606 2241 fratri
627 2202 669 2242 et
689 2199 848 2251 heredi,
871 2204 947 2242 etc.
1022 2198 1082 2241 Et
1108 2200 1160 2241 de
1182 2199 1272 2254 ipso
1299 2197 1510 2241 GUIDONE
1543 2196 1823 2239 descendebat
1847 2197 1929 2252 jus,
1952 2200 2043 2249 etc,
2065 2196 2136 2238 isti

189 2287 355 2330 ΤΗΟΜΕ
376 2290 449 2344 qui
470 2305 583 2332 nunc
604 2291 712 2346 petit
732 2294 781 2332 ut
803 2291 893 2333 filio
913 2294 954 2333 et
974 2290 1134 2341 heredi,
1157 2294 1233 2332 etc.
1297 2289 1358 2331 Et
1378 2289 1492 2343 quod
1512 2289 1598 2331 tale
1620 2288 1674 2330 sit
1688 2288 1760 2342 jus
1781 2302 1905 2330 suum
1926 2287 2063 2330 offert.

245 2379 304 2421 Et
335 2379 575 2422 JOHANNES
614 2382 666 2423 de
699 2381 928 2424 MOUBRAY
957 2396 1032 2438 per
1064 2380 1364 2424 WILLELMUM
1395 2379 1684 2422 NEWBRIGGE
1715 2383 1977 2421 attornatum
2009 2393 2134 2420 suum

188 2470 305 2512 venit
335 2474 378 2513 et
408 2471 601 2514 defendit
631 2472 702 2527 jus
732 2488 856 2515 suum
893 2474 1076 2528 quando,
1109 2475 1185 2514 etc.
1260 2472 1320 2513 Et
1351 2471 1454 2513 dicit
1485 2471 1598 2526 quod
1629 2485 1724 2512 cum
1755 2470 1967 2525 predictus
1998 2485 2134 2512 6011165

189 2561 378 2615 superius
407 2564 525 2616 petat
555 2577 697 2605 versus
725 2564 915 2619 predicta
945 2568 1129 2606 castrum
1150 2566 1192 2606 et
1222 2566 1379 2605 terram
1414 2577 1510 2604 cum
1540 2561 1808 2617 pertinentiis
1838 2561 2049 2602 narrando
2080 2561 2132 2603 de

187 2651 340 2693 seisina
369 2653 639 2695 antecessoris
669 2654 733 2696 sui
769 2654 1013 2698 WrLLELMi
1045 2655 1218 2697 1101111116
1248 2657 1288 2696 et
1319 2654 1364 2695 in
1395 2654 1541 2695 eadem
1573 2652 1819 2694 narracione
1847 2666 1922 2694 sua
1943 2666 2028 2693 11011
2059 2652 2134 2693 dat

186 2742 323 2783 eidem
353 2744 603 2786 antecessori
632 2760 707 2787 suo
738 2746 911 2801 aliquod
942 2761 1178 2802 cognomen
1198 2746 1245 2787 in
1272 2748 1384 2787 certo
1407 2745 1521 2787 unde
1552 2743 1659 2799 petit
1680 2743 1891 2798 judicium
1921 2743 1973 2784 de
1993 2742 2132 2784 forma

187 2833 442 2875 narracionis
472 2835 670 2889 predicte,
711 2840 788 2878 etc.
865 2836 924 2878 Et
966 2852 1103 2879 comes
1143 2836 1245 2878 dicit
1277 2837 1390 2891 quod
1420 2850 1506 2877 non
1536 2834 1765 2889 requiritur
1794 2848 1870 2875 1166
1901 2837 1963 2874 est
1993 2832 2132 2874 forma

189 2924 445 2966 narracionis
474 2925 520 2966 in
550 2925 798 2981 hujusmodi
827 2928 945 2970 brevi
975 2928 1058 2971 alio
1090 2928 1215 2970 modo
1236 2941 1406 2969 narrare
1436 2941 1564 2982 quam
1595 2926 1647 2968 de
1678 2925 1830 2967 seisina
1860 2925 2132 2966 antecessoris

184 3013 250 3056 sui
269 3029 344 3070 per
364 3015 582 3070 proprium
602 3032 758 3059 nomen
779 3033 903 3060 suum
924 3018 1194 3061 nominatum
1220 3021 1345 3073 prout
1375 3017 1464 3072 ipse
1495 3016 1687 3072 superius
1718 3014 1907 3056 narravit
1939 3029 1987 3056 eo
2019 3015 2134 3069 quod
