2386 3645
282 264 392 305 1602

219 470 422 525 episcopis
456 476 534 512 etc.
582 502 592 512 .
643 469 867 512 heredibus
917 473 959 512 et
998 470 1224 526 assignatis
1264 470 1349 512 suis
1388 485 1462 526 per
1502 470 1752 512 fidelitatem
1792 473 1962 512 tantum
2002 470 2159 526 absque

217 561 360 616 aliquo
401 561 484 603 alio
525 561 646 603 nobis
686 562 753 603 vel
792 561 1016 603 heredibus
1055 562 1209 603 nostris
1248 561 1348 602 inde
1387 562 1602 603 reddendo
1647 561 1959 616 inperpetuum.
2021 560 2159 604 Salvis

218 667 382 707 semper
402 654 444 693 et
462 652 684 694 reservatis
704 651 824 694 nobis
845 656 886 694 et
906 652 1131 694 heredibus
1151 652 1306 693 nostris
1338 651 1516 694 ducibus
1547 651 1846 693 LANcAsTRIAE
1880 685 1886 693 .
1921 652 2158 694 advocatio-

216 741 342 784 nibus
355 743 621 785 ecclesiarum
632 777 640 785 .
651 743 917 785 abbatiarum
928 776 936 784 .
952 743 1217 798 prioratuum
1234 776 1242 784 .
1258 742 1509 784 vicariarum
1525 776 1533 784 .
1550 742 1835 784 cantariarum
1850 776 1858 784 .
1874 742 2131 797 capellarum
2147 776 2156 784 .

214 833 489 889 hospitalium
529 836 572 875 et
611 834 791 875 aliorum
830 833 1130 875 beneficiorum
1180 833 1552 874 ecclesiasticorum
1601 847 1948 887 quorumcunque
1999 833 2156 875 eisdem

214 924 359 966 castris
391 959 399 966 .
433 924 632 966 dominiis
661 958 668 965 .
700 928 792 975 etc„
813 924 901 965 ullo
922 924 1047 965 modo
1069 922 1368 978 spectantibus.
1430 923 1491 965 Et
1513 938 1589 965 nos
1610 926 1652 965 et
1680 923 1783 965 dicti
1809 923 1996 965 haeredes
2023 924 2157 966 nostri

213 1018 348 1056 castra
375 1015 564 1056 dominia
586 1048 594 1057 .
619 1018 710 1065 etc„
732 1014 909 1070 prefatis
938 1014 1140 1055 cardinali
1163 1047 1170 1055 .
1195 1014 1504 1070 archiepiscopo
1528 1048 1536 1055 .
1560 1014 1762 1069 episcopis
1785 1047 1791 1054 .
1818 1018 1910 1065 etc„
1932 1014 2157 1058 heredibus

211 1109 254 1147 et
269 1106 494 1161 assignatis
510 1106 596 1148 suis
612 1109 757 1148 contra
772 1120 917 1147 omnes
933 1108 1081 1160 gentes
1096 1104 1465 1146 warantizabimus
1482 1108 1522 1146 et
1540 1105 1819 1146 defendemus
1838 1105 2150 1161 inperpetuum.

210 1197 277 1239 Eo
298 1199 411 1252 quod
432 1212 627 1253 expressa
647 1197 807 1238 mentio
828 1197 880 1237 de
901 1211 998 1238 vero
1020 1196 1160 1237 valore
1183 1230 1190 1238 .
1215 1198 1292 1238 etc.

266 1287 322 1329 In
344 1288 467 1344 cujus
485 1288 546 1330 rei
567 1287 856 1330 testimonium
878 1288 954 1328 has
974 1287 1117 1329 literas
1137 1290 1301 1328 nostras
1321 1287 1413 1328 fieri
1429 1288 1606 1328 fecimus
1627 1290 1835 1342 patentes,

265 1378 366 1420 Dat.
390 1378 466 1420 sub
488 1378 628 1434 sigillo
650 1381 791 1419 nostro
812 1378 990 1419 ducatus
1022 1376 1155 1419 nostri
1187 1376 1488 1419 LANCAsTRIAE
1521 1378 1634 1432 apud
1667 1380 1852 1419 castrum
1884 1381 2077 1420 nostrum
2099 1380 2152 1421 de

203 1468 495 1512 WYNDEsoRE
518 1503 526 1511 .
550 1469 746 1511 vicesimo
767 1483 878 1510 nono
899 1468 967 1510 die
988 1468 1016 1510 J
1020 1468 1112 1510 unii
1132 1483 1245 1509 anno
1265 1468 1388 1523 regni
1409 1468 1543 1510 nostri
1565 1468 1761 1510 vicesimo
1782 1469 1919 1512 tertio.

267 1560 313 1595 (1)
338 1559 406 1588 The
429 1568 521 1588 name
536 1568 646 1588 occurs
666 1559 731 1587 ina
755 1558 940 1587 Berkeroles
958 1558 1092 1587 Charter
1107 1558 1173 1587 late
1190 1559 1221 1587 in
1238 1559 1293 1588 the
1319 1559 1392 1587 lz'th
1416 1558 1568 1596 Century.
1619 1559 1729 1587 Simon
1755 1559 1793 1588 de
1823 1559 1870 1588 St.
1896 1559 1942 1588 Lo
1967 1560 2139 1589 witnessed

213 1614 269 1644 the
284 1614 472 1653 Keynsham
488 1615 693 1643 Foundation
711 1613 844 1643 Charter
860 1614 890 1642 in
910 1615 992 1642 1169.
1023 1613 1223 1650 (CXLVH.)
1255 1614 1346 1652 They
1362 1623 1443 1643 were
1460 1615 1492 1643 of
1509 1614 1649 1643 Newton
1665 1615 1711 1643 St.
1728 1615 1803 1645 Loo,
1821 1614 1952 1653 County
1969 1616 2139 1652 Somerset,

214 1672 272 1700 but
289 1672 330 1700 do
345 1675 402 1700 not
418 1681 537 1708 appear
551 1681 586 1700 as
602 1671 818 1700 Landowners
834 1671 865 1699 in
882 1670 1092 1707 Glamorgan.

360 1727 428 1756 The
444 1727 545 1755 above
561 1726 723 1764 inspected
739 1726 801 1755 and
818 1726 991 1755 confirmed
1007 1726 1038 1754 in
1055 1726 1110 1754 the
1126 1726 1325 1755 Parlianient
1346 1726 1428 1762 RolL
1445 1727 1462 1753 6
1478 1726 1580 1763 April,
1598 1727 1634 1754 *24
1651 1726 1762 1764 Henry
1779 1726 1838 1755 VI.
1860 1726 1984 1765 [1446]

1020 2050 1326 2092 MCLXXIV.

203 2158 451 2202 LETTER
487 2159 564 2201 OF
605 2158 734 2200 THE
765 2158 971 2200 ABBOT
1014 2158 1091 2200 OF
1133 2157 1510 2200 OLAIRVAUX
1550 2157 1941 2200 GERTIFYING
1977 2157 2149 2200 THAT

349 2249 480 2292 THE
542 2249 747 2291 ABBOT
798 2248 876 2291 OF
925 2248 1203 2291 MARGAM
1258 2248 1313 2291 IS
1376 2248 1628 2292 VIsITOR
1693 2248 1771 2290 OF
1832 2247 1913 2290 ST.
1968 2247 2149 2291 OROSS

349 2340 483 2383 AND
522 2339 737 2382 OTHER
778 2339 1153 2382 GISTERGIAN
1191 2338 1632 2382 MONAsTERIES
1674 2338 1745 2382 IN
1786 2339 2086 2382 IRELAND.

810 2448 1030 2505 [HARLEY
1057 2449 1289 2501 CHARTER,
1319 2450 1373 2490 75
1404 2449 1460 2491 A.
1491 2448 1554 2505 7.]
1732 2450 1759 2490 4
1779 2448 1898 2491 AUG.
1963 2449 2087 2490 1445.

263 2557 355 2599 Nos
420 2556 553 2598 frater
624 2555 921 2599 GrmLLERMUS
994 2557 1122 2600 abbas
1193 2556 1507 2598 OLAREVALLIS
1583 2556 1914 2599 OlsTERCIENSIs
1993 2557 2151 2599 ordinis

202 2647 521 2690 LANGONENSIS
561 2649 750 2702 dyocesis
790 2651 942 2690 notum
982 2649 1162 2691 facimus
1196 2649 1402 2690 universis
1438 2663 1618 2703 quorum
1655 2648 1830 2689 interest
1871 2652 1912 2689 et
1948 2648 2147 2689 interesse

201 2740 326 2781 debet
359 2740 472 2794 quod.
504 2739 756 2781 venerabilis
791 2739 988 2781 co-abbas
1015 2744 1156 2782 noster
1183 2740 1235 2781 de
1262 2739 1464 2781 MORGAN
1493 2739 1601 2781 sicut
1635 2739 1680 2780 in
1713 2739 1868 2781 nostris
1893 2741 1935 2780 et
1959 2738 2146 2794 antiquis

202 2830 360 2872 ordinis
400 2834 541 2871 nostre
580 2831 770 2886 registris
809 2831 1041 2886 reperimus
1088 2835 1150 2873 est
1200 2831 1332 2872 frater
1377 2830 1506 2872 abbas
1556 2834 1598 2871 et
1639 2829 1831 2871 visitator
1877 2829 2148 2871 immediatus

203 2920 414 2962 ordinario
429 2921 525 2976 jure
540 2922 891 2963 monasteriorum
908 2924 959 2964 de
981 2922 1154 2963 SANCTA
1172 2921 1321 2964 CRUCE
1338 2922 1390 2963 de
1407 2920 1731 2963 KYRIELEYSON
1747 2921 1800 2961 de
1818 2919 1973 2961 Cnosso
1986 2918 2148 2962 SANcrr

201 3011 453 3054 BENEmcrx
485 3014 528 3053 et
558 3012 609 3054 de
641 3012 860 3054 MAGIOMO
892 3017 933 3054 et
962 3014 1016 3054 ad
1037 3013 1197 3055 nullius
1212 3012 1557 3068 jurisdiccionem
1578 3015 1740 3066 spectat
1761 3011 1874 3052 dicta
1894 3010 2147 3052 monasteria
