2386 3645
293 281 405 322 1304

372 486 523 529 Sciatis
551 501 628 529 nos
657 487 710 528 de
730 485 869 542 gratia
898 489 1040 527 nostra
1070 484 1240 540 speciali
1269 482 1546 525 concessimus
1576 483 1618 522 et
1647 480 1725 522 hac
1756 483 1870 521 carta
1899 481 2044 520 nostra
2064 493 2162 520 con-

316 577 503 619 firmasse
533 577 686 618 dilecto
717 578 759 618 et
788 575 904 617 fideli
932 577 1074 617 nostro
1106 574 1297 616 HUGoNI
1327 573 1367 614 le
1396 572 1665 614 DESPENSER
1693 568 1856 625 juniori
1886 569 1999 623 quod
2019 568 2108 624 ipse
2128 569 2172 610 et

315 667 490 710 heredes
511 667 575 709 sm·
596 682 643 709 ac
674 681 818 709 eorum
838 665 1068 721 burgenses
1088 668 1131 706 et
1151 664 1225 706 alii
1245 663 1436 705 homines
1463 664 1504 702 et
1524 663 1717 702 tenentes
1747 660 1799 701 de
1830 657 2028 701 KERDIF’
2051 658 2167 701 UsK’

316 757 561 800 KAERLION
583 756 803 799 NEUPORT
819 755 1095 798 COUBRUGGE
1116 754 1284 797 NEETH
1305 755 1347 794 et
1367 751 1593 794 KENEFEG
1617 750 1664 791 in
1687 749 1883 793 WALLIA
1905 751 1956 791 de
1977 748 2173 792 omnibus

317 847 441 890 rebus
471 851 514 890 et
542 848 665 890 bonis
694 847 780 889 suis
809 849 897 888 tam
928 845 1124 887 videlicet
1153 841 1425 885 mercandisis
1456 855 1585 896 quam
1615 840 1710 882 aliis
1739 840 2055 895 imperpetuum
2086 839 2172 882 sint

315 939 450 994 quieti
463 939 514 980 de
529 937 742 979 theolonio
762 935 955 991 muragio
969 933 1172 990 pontagio
1193 932 1376 988 panagio
1389 930 1571 987 lastagio
1587 930 1783 986 stallagio
1798 930 1964 987 picagio
1976 930 2174 987 tronagio

312 1029 483 1084 kaiagio
503 1028 686 1083 terragio
707 1040 869 1068 necnon
890 1026 942 1067 dc
959 1023 1153 1067 omnibus
1174 1023 1267 1064 aliis
1283 1021 1486 1063 custumis
1502 1025 1544 1063 et
1557 1020 1931 1063 consuetudinibus
1942 1035 2018 1076 per
2033 1024 2172 1063 totum

312 1134 494 1176 regnum
513 1121 704 1160 nostrum
721 1133 768 1159 ac
788 1118 989 1158 ducatum
1006 1117 1198 1156 nostrum
1213 1113 1476 1157 AQmTANm
1493 1115 1536 1154 et
1550 1115 1707 1154 terram
1722 1116 1911 1154 nostram
1927 1112 2170 1154 HIBERNIE

316 1225 362 1251 ac
383 1209 555 1251 aliunde
575 1223 649 1264 per
671 1210 920 1263 potestatem
936 1209 1124 1248 nostram
1147 1238 1155 1246 .
1180 1203 1382 1245 custumis
1403 1204 1455 1245 de
1475 1203 1585 1244 lanis
1606 1203 1727 1245 coriis
1742 1202 1925 1259 pellibus
1944 1203 2104 1246 lanutis
2124 1218 2172 1245 ao

321 1300 432 1341 vinis
452 1299 573 1341 nobis
593 1302 636 1340 et
656 1297 879 1340 heredibus
898 1296 1051 1338 nostris
1072 1294 1225 1337 debitis
1246 1295 1471 1337 dumtaxat
1493 1295 1689 1349 exceptis.
1753 1293 1896 1340 Quare
1917 1294 2114 1336 volumus
2134 1296 2176 1336 et

314 1390 490 1432 firmiter
510 1388 763 1444 precipimus
782 1402 858 1443 pro
878 1386 999 1429 nobis
1019 1389 1061 1427 ct
1082 1384 1308 1427 heredibus
1327 1385 1482 1426 nostris
1503 1385 1618 1440 quod
1639 1384 1755 1426 idem
1778 1384 1917 1426 Huco
1939 1387 1981 1427 et
2001 1385 2176 1428 heredes

314 1480 379 1522 sui
400 1495 446 1521 ac
462 1494 607 1522 eorum
622 1478 853 1534 burgenses
874 1479 915 1519 et
933 1476 1006 1518 alii
1026 1476 1218 1518 homines
1235 1478 1278 1518 et
1289 1479 1483 1517 tenentes
1497 1476 1549 1517 de
1562 1475 1761 1531 predictis
1778 1475 1890 1517 villis
1907 1476 1958 1517 de
1975 1474 2175 1517 Kmnm’

312 1570 428 1613 USK'
460 1570 735 1613 KAERIAOUN
766 1569 986 1611 NEUPORT
1021 1567 1297 1609 GOUBRUGGE
1338 1566 1506 1609 ΝΕΕΤΗ
1539 1566 1768 1608 KENEFEG
1799 1566 1845 1607 in
1887 1565 2084 1609 WALLIA
2124 1567 2177 1609 de

318 1661 514 1704 omnibus
534 1660 658 1703 rebus
679 1662 721 1702 et
740 1659 860 1702 bonis
881 1659 966 1701 suis
978 1663 1069 1701 tam
1089 1658 1286 1701 videlicet
1303 1658 1574 1700 mercandisis
1595 1672 1724 1713 quam
1745 1656 1839 1699 aliis
1859 1657 2175 1712 imperpetuum

313 1753 398 1794 sint
428 1752 560 1807 quieti
591 1753 643 1793 de
674 1751 888 1793 theolonio
918 1750 1113 1806 muragio
1144 1749 1351 1805 pontagio
1382 1749 1567 1805 panagio
1588 1748 1768 1804 lastagio
1791 1749 1990 1805 stallagio
2011 1748 2177 1805 picagio

320 1843 515 1899 tronagio
535 1843 704 1898 kaiagio
724 1841 909 1897 terragio
929 1856 1093 1884 necnon
1111 1842 1163 1883 de
1184 1840 1379 1883 omnibus
1399 1840 1494 1882 aliis
1511 1840 1713 1882 custumis
1737 1843 1780 1882 et
1800 1839 2177 1882 consuetudinibus

317 1950 392 1990 per
422 1937 559 1976 totum
589 1948 771 1989 regnum
811 1936 1004 1975 nostrum
1040 1947 1086 1974 ac
1126 1932 1343 1974 Ducatnm
1379 1934 1571 1973 nostrum
1611 1931 1898 1976 Acoommm
1940 1913 1982 1973 et
2022 1933 2180 1972 terram

315 2029 504 2067 nostram
545 2024 785 2066 Hmmmm
826 2039 874 2065 ac
913 2024 1085 2065 aliunde
1119 2039 1193 2079 per
1224 2026 1478 2079 potestatem
1511 2026 1700 2064 nostram
1724 2056 1732 2065 .
1753 2022 1956 2065 custumis
1984 2023 2036 2064 de
2069 2022 2180 2064 lanis

317 2116 437 2158 coriis
470 2114 651 2171 pellibus
685 2114 844 2156 lanutis
879 2117 920 2157 et
954 2115 1063 2156 vinis
1096 2113 1217 2156 nobis
1249 2117 1292 2156 et
1323 2113 1549 2155 heredibus
1577 2114 1731 2155 nostris
1762 2113 1916 2155 debitis
1953 2114 2180 2155 dumtaxat

319 2206 505 2262 exceptis
539 2206 646 2248 sicut
691 2205 929 2261 predictum
974 2208 1047 2248 est.
1111 2205 1213 2247 Hiis
1262 2204 1440 2247 testibus
1469 2238 1477 2247 .
1510 2204 1822 2247 venerabilibus
1868 2204 2063 2260 patribus
2105 2203 2177 2248 W.

323 2297 630 2352 archiepiscopo
672 2295 1011 2338 CANTUAROENsr
1057 2296 1192 2338 tocius
1231 2295 1415 2338 ANGLOE
1451 2295 1632 2352 primate
1675 2329 1683 2338 .
1723 2295 1764 2338 J.
1804 2295 2097 2338 NORWICENSI
2139 2298 2181 2338 et

321 2387 363 2430 J.
407 2386 695 2429 OlcEsTRENSI
736 2387 938 2443 episcopis
980 2421 988 2429 .
1035 2388 1258 2430 ADOMARo
1298 2387 1350 2429 de
1389 2386 1628 2430 VALENCIA
1658 2386 1810 2429 comite
1842 2385 2143 2428 PEMBRocmE
2167 2419 2174 2429 .

322 2477 552 2520 EDMUNDO
580 2477 723 2520 comiti
752 2476 1022 2520 ARUNDELL’
1057 2511 1065 2520 .
1097 2478 1318 2521 JOHANNE
1351 2478 1403 2520 de
1439 2477 1650 2520 SEGRAVE
1685 2477 1847 2520 seniore
1880 2510 1889 2520 .
1922 2477 2182 2521 WILLELMO

320 2568 522 2611 MARTYN
554 2602 563 2610 .
597 2568 800 2610 RICARDO
826 2568 1044 2610 DAUMORI
1069 2602 1077 2610 .
1110 2569 1336 2611 senescasso
1356 2568 1534 2624 hospicii
1554 2567 1688 2610 nostri
1710 2570 1752 2610 et
1772 2567 1879 2611 aliis.

377 2659 542 2701 Datum
567 2674 642 2715 per
672 2673 849 2701 manum
880 2661 1072 2702 nostrum
1099 2660 1214 2716 apud
1245 2658 1707 2702 WESTMONASTERIUM
1740 2662 1892 2715 quarto
1924 2659 1992 2701 die
2024 2658 2178 2701 Marcii

321 2766 433 2793 anno
453 2750 576 2807 regni
596 2750 730 2793 nostri
751 2751 913 2793 decimo
934 2751 1124 2807 septimo.
1191 2750 1240 2808 [4
1261 2750 1426 2803 March,
1451 2749 1600 2807 1324]

293 2841 385 2885 Nos
405 2846 549 2884 autem
570 2842 875 2884 concessionem
896 2845 938 2884 et
961 2843 1325 2885 confirmacionem
1345 2841 1555 2898 predictas
1583 2844 1698 2884 ratas
1727 2840 1932 2883 habentes
1962 2844 2005 2883 et
2035 2846 2180 2898 gratas

235 2948 305 2976 eas
333 2948 409 2989 pro
438 2932 560 2975 nobis
589 2937 631 2975 et
658 2932 884 2975 heredibus
910 2933 1064 2976 nostris
1089 2936 1294 2989 quantum
1328 2933 1375 2975 in
1405 2932 1526 2975 nobis
1555 2935 1619 2976 est
1649 2933 1802 2975 dilecto
1832 2939 1873 2975 et
1901 2932 2018 2975 fideli
2038 2936 2182 2976 nostro

235 3024 469 3066 Enwfflno
501 3024 541 3065 le
582 3022 851 3066 DESPENSER
889 3025 1204 3081 consanguineo
1245 3027 1288 3066 et
1325 3024 1472 3066 heredi
1506 3024 1686 3080 predicti
1725 3023 1940 3066 Hnooms
1980 3039 2027 3066 ac
2067 3039 2182 3067 nunc
