2386 3645
1905 314 2014 355 1259

123 516 184 558 *de
205 515 407 557 scaccario
427 515 541 570 quod
561 513 751 556 THOMAS
779 514 832 556 de
862 513 1072 556 MULTON’
1095 515 1147 556 de
1175 515 1441 558 FRAMPTON'
1475 519 1592 558 tenet
1625 519 1828 572 quasdam
1863 521 1995 560 terras
2029 521 2073 560 et

126 607 378 648 ‘tenementa
397 605 443 646 in
464 604 756 647 SALFLETEBY
774 604 820 645 in
852 604 1057 646 comitatu
1082 603 1410 647 meoLNn-:Nffi
1443 607 1495 647 de
1523 606 1674 648 abbate
1703 611 1746 649 et
1769 608 1984 650 monachis
2018 609 2072 650 de

130 695 385 738 LANGENET
406 695 459 736 de
479 695 758 746 ΒΒῙΤΑΝΝΙΑ,
781 694 855 749 qui
876 700 976 736 sunt
997 695 1049 736 de
1082 698 1290 750 potestate
1326 699 1369 737 et
1404 697 1591 738 dominio
1620 697 1752 753 Regis
1787 698 2071 740 FRANcomm

127 801 204 842 per
233 785 456 828 servicium
486 785 693 827 reddendi
732 785 889 827 eisdem
929 800 1004 840 per
1044 801 1206 827 annum
1246 787 1356 828 xlxfi·
1387 787 1497 829 vad·
1537 787 1602 829 ob.
1645 789 1700 829 ad
1735 788 1890 830 festum
1926 788 2071 831 Sancti

126 876 389 919 MchAEms
410 880 452 917 et
473 876 586 931 quod
606 875 821 931 predictus
841 876 1032 918 redditus
1052 892 1138 918 non
1168 876 1255 918 fuit
1284 877 1446 919 solutus
1474 878 1648 920 domino
1682 878 1794 934 Regi
1829 894 1853 920 a
1884 881 2073 934 tempore

120 982 212 1023 ‘quo
233 981 386 1023 guerra
405 970 522 1009 mota
541 966 626 1008 fuit
647 966 759 1008 inter
779 966 945 1023 Regem
966 970 1008 1008 et
1029 967 1190 1009 dictum
1213 967 1379 1024 Regem
1397 968 1679 1010 FRANCORUM
1708 969 1919 1011 occasione
1949 969 2016 1025 cuj
2023 985 2071 1012 us

124 1073 280 1115 guerre
302 1057 399 1099 Rex
421 1057 514 1114 capi
539 1058 639 1099 fecit
670 1057 716 1099 in
749 1072 925 1100 manum
958 1073 1078 1100 suam
1111 1073 1256 1100 omnes
1287 1061 1420 1101 terras
1455 1063 1497 1101 et
1528 1062 1772 1101 tenementa
1805 1060 1996 1102 redditus
2031 1062 2074 1102 et

125 1150 406 1205 possessiones
425 1149 537 1192 bona
558 1152 600 1192 et
621 1150 774 1191 catalla
790 1165 872 1205 que
893 1165 1038 1192 omnes
1058 1150 1124 1192 illi
1145 1151 1219 1206 qui
1237 1154 1359 1193 erant
1379 1152 1430 1193 de
1451 1155 1658 1206 potestate
1689 1156 1730 1194 et
1756 1152 1942 1194 dominio
1971 1152 2073 1194 dicti

128 1240 262 1297 Regis
283 1240 569 1283 FRANCORUM
590 1240 805 1283 habebant
823 1241 871 1283 in
891 1256 993 1297 rego
1014 1241 1198 1284 ANGLIE
1220 1245 1408 1298 tempore
1430 1242 1616 1297 predicte
1647 1258 1797 1298 guerre
1831 1242 1998 1285 suborte
2031 1245 2073 1286 et

120 1332 241 1387 -quod
262 1332 400 1373 dictus
421 1331 610 1373 THOMAS
632 1332 795 1373 dictum
815 1332 1032 1374 redditum
1055 1333 1284 1374 concelavit
1306 1349 1380 1388 per
1400 1336 1539 1375 totum
1570 1338 1738 1388 tempus
1771 1333 2072 1388 supradictum,

125 1422 322 1464 videlicet
351 1437 425 1478 per
455 1438 528 1464 sex
560 1438 694 1464 annos
728 1423 839 1465 festo
871 1422 1017 1465 Sancti
1048 1424 1307 1466 MICHAELIS
1342 1440 1454 1466 anno
1490 1439 1605 1466 XXIJ.
1640 1424 1813 1466 finiente
1847 1439 1930 1479 quo
1963 1438 2074 1466 anno

126 1513 239 1555 dicta
260 1528 414 1570 guerra
434 1517 628 1569 promota
649 1513 734 1556 fuit
754 1517 997 1569 computato
1018 1530 1093 1570 pro
1114 1515 1250 1570 primo
1266 1515 1447 1557 termino
1465 1517 1507 1557 et
1523 1515 1632 1557 festo
1649 1514 1795 1557 Sancti
1816 1514 2075 1556 MICHAELIS

120 1619 238 1646 :anno
267 1619 415 1646 xxvm.
438 1605 613 1647 finiente
646 1608 890 1661 computato
911 1621 986 1661 pro
1007 1606 1159 1648 ultimo
1180 1606 1375 1657 termino,
1390 1608 1504 1648 unde
1519 1621 1684 1648 summa
1705 1608 1767 1648 est
1783 1605 1947 1647 cmefl·
1963 1612 2075 1648 VHJs.

124 1695 210 1738 HJa
234 1711 310 1752 per
342 1697 456 1751 quod
489 1697 635 1738 eodem
671 1696 740 1738 die
771 1697 1023 1738 mandatum
1055 1700 1117 1739 est
1148 1697 1285 1739 eidem
1317 1698 1431 1752 quod
1461 1697 1515 1739 sit
1546 1712 1684 1739 coram
1720 1696 1999 1739 Thesaurario
2032 1699 2074 1738 et

123 1786 366 1829 Baronibus
382 1788 435 1829 de
452 1787 653 1829 scaccario
670 1788 784 1843 apud
802 1787 1053 1831 *EBORACUM
1074 1788 1120 1829 in
1143 1788 1323 1830 crastino
1345 1787 1491 1830 Sancti
1509 1788 1717 1829 MARTINI
1732 1788 1786 1829 ad
1807 1788 2073 1829 reddendum

120 1877 237 1935 Regi
257 1879 475 1920 redditum
495 1879 733 1934 predictum
754 1879 806 1920 de
827 1881 918 1920 toto
938 1869 1127 1934 tempere
1149 1879 1335 1934 predicto
1358 1882 1400 1920 et
1420 1879 1475 1920 ad
1495 1879 1738 1920 faciendum
1759 1878 1936 1920 ulterius
1957 1878 2071 1933 quod

122 1968 217 2011 Rex
238 1984 364 2025 super
383 1969 462 2012 hoc
482 1969 654 2011 duxerit
676 1970 974 2011 ordinandum.
1036 1970 1110 2012 Ad
1131 1985 1258 2025 quem
1279 1971 1392 2011 diem
1412 1969 1527 2011 idem
1554 1968 1744 2011 THOMAS
1774 1969 1891 2011 venit
1922 1971 1964 2011 et
1994 1984 2070 2024 per

121 2059 257 2102 dictos
278 2059 609 2102 Thesaurarium
631 2063 673 2102 et
693 2060 884 2103 Barones
905 2061 1112 2103 allocutus
1134 2064 1195 2102 est
1216 2076 1344 2116 quare
1372 2075 1468 2102 cum
1505 2059 1738 2102 constiterit
1759 2059 1797 2101 ei
1819 2062 1861 2100 et
1881 2062 2070 2102 constare

119 2150 248 2194 debet
268 2152 383 2207 quod
403 2167 478 2207 per
498 2152 719 2194 dominum
741 2152 908 2208 Regem
930 2155 972 2194 et
989 2152 1211 2194 consilium
1227 2167 1351 2201 suum
1371 2152 1521 2193 fuisset
1537 2152 1780 2193 ordinatum
1797 2151 1910 2205 quod
1925 2165 2070 2194 omnes

120 2241 259 2284 exitus
276 2245 319 2284 et
330 2243 522 2284 redditus
538 2243 725 2298 proficua
740 2246 850 2285 terre
867 2247 907 2284 et
922 2245 1165 2285 tenementa
1179 2243 1516 2298 alienigenarum
1533 2243 1584 2284 de
1598 2245 1806 2298 potestate
1823 2246 1863 2284 et
1881 2242 2068 2285 dominio

121 2333 227 2375 dicti
249 2333 384 2389 Regis
405 2333 689 2375 FRANCORUM
710 2333 757 2375 in
779 2334 890 2376 dicto
912 2349 1045 2390 regno
1067 2334 1249 2375 ANGLOE
1272 2334 1484 2375 occasione
1506 2333 1616 2374 dicte
1638 2348 1788 2389 guerre
1819 2336 2067 2388 caperentur

121 2423 168 2465 in
202 2438 379 2465 manum
416 2424 550 2480 Regis
590 2428 632 2466 et
672 2425 772 2466 inde
812 2426 1135 2480 responderetur
1176 2424 1288 2480 Regi
1328 2425 1382 2465 ad
1418 2423 1668 2465 scaccarium
1702 2424 1881 2465 durante
1913 2438 2067 2478 guerra

119 2514 311 2570 predicta
332 2515 387 2556 ad
406 2514 673 2557 voluntatem
698 2515 830 2571 ipsius
860 2515 1023 2557 domini
1056 2515 1190 2571 Regis
1217 2515 1330 2556 idem
1359 2513 1547 2556 Tfloms
1577 2514 1792 2555 redditum
1827 2513 2064 2568 predictum

119 2620 195 2661 per
215 2608 356 2648 totum
376 2610 545 2661 tempus
565 2607 855 2661 supradictum
875 2606 920 2647 in
942 2607 1178 2662 dampnum
1200 2609 1240 2647 et
1261 2604 1555 2660 decepcionem
1576 2604 1705 2659 ipsius
1735 2603 1898 2646 domini
1931 2603 2065 2659 Regis

117 2697 363 2739 concelavit.
425 2697 486 2738 Et
507 2697 646 2739 dictus
667 2697 856 2739 THOMAS
878 2697 983 2738 bene
1005 2697 1204 2753 cognovit
1225 2697 1338 2751 quod
1368 2699 1485 2737 tenet
1517 2697 1760 2736 tenementa
1791 2694 1978 2749 predicta
2010 2694 2064 2736 de

118 2787 318 2843 predictis
339 2787 492 2830 abbate
514 2791 555 2829 et
576 2787 794 2830 monachis
815 2789 868 2829 de
889 2787 1143 2829 LANGENET
1163 2802 1238 2842 per
1259 2786 1481 2828 servicium
1501 2785 1705 2826 reddendi
1727 2785 1786 2826 eis
1806 2800 1880 2840 per
1900 2799 2060 2826 aunum

114 2878 228 2920 mxli·
280 2877 390 2920 xva‘L
429 2878 494 2921 ob.
533 2880 587 2920 ad
623 2879 780 2921 festum
818 2878 964 2921 Sancti
999 2878 1269 2920 MICHAELIS.
1331 2876 1391 2918 Et
1427 2877 1528 2918 dicit
1562 2876 1674 2931 quod
1706 2890 1792 2916 non
1832 2875 2062 2917 concelavit

116 2969 333 3011 redditum
353 2969 591 3024 predictum
612 2971 665 3011 ad
688 2971 923 3024 dampnum
945 2969 1079 3025 Regis
1101 2969 1200 3024 quia
1221 2968 1322 3009 dicit
1344 2968 1457 3023 quod
1478 2970 1666 3021 tempore
1687 2981 1769 3020 quo
1791 2965 1925 3020 primo
1947 2966 2061 3007 dicta

111 3074 273 3115 guerra
312 3062 429 3102 mota
463 3060 549 3102 fuit
581 3062 624 3103 et
656 3060 731 3102 diu
765 3064 860 3116 post
894 3060 978 3101 fuit
1010 3059 1124 3101 idem
1157 3059 1346 3101 THOMAs
1381 3057 1495 3100 infra
1528 3059 1684 3098 etatem
1720 3061 1761 3098 et
1793 3056 1838 3097 in
1872 3056 2062 3098 custodia
