2386 3645
1901 296 2010 338 1289

123 498 372 543 WILLELMI
412 512 488 553 per
524 497 741 552 quandam
774 497 1102 539 convencionem
1135 497 1248 539 inter
1279 497 1420 553 ipsum
1454 499 1484 542 J
1486 513 1710 542 OHANNEM
1749 504 1792 543 et
1830 502 2067 557 predictum

112 590 431 632 REGINALDUM
470 588 625 629 initam
665 589 708 629 et
748 601 836 628 non
876 602 951 643 per
991 587 1230 629 discensum
1269 588 1575 632 hereditarium
1614 593 1663 632 ut
1711 591 1832 633 heres
1880 592 2060 648 predicti

115 679 365 724 WILLELMI
386 678 546 735 proavi,
569 681 645 721 etc.
708 677 895 721 Videtur
915 679 1030 733 quod
1049 678 1176 720 debet
1197 679 1286 721 sine
1308 679 1481 722 domino
1502 679 1624 737 Rege
1643 683 1905 737 respondere.

176 769 238 812 Et
269 769 483 826 predictus
519 769 804 812 WILLELMUS
836 769 976 824 quoad
1006 769 1246 825 predictum
1275 772 1459 812 castrum
1487 771 1591 813 dicit
1611 773 1725 827 quod
1744 772 1857 814 idem
1886 776 2070 816 castrum

113 864 178 904 est
197 861 415 916 pertinens
437 861 491 902 ad
511 860 745 916 predictam
766 862 924 902 terram
945 862 988 902 et
1008 861 1060 902 de
1091 861 1360 917 pertinentiis
1381 861 1574 917 ejusdem
1596 863 1789 918 quamvis
1808 863 1854 905 in
1875 865 2064 919 predicta

121 954 235 993 carta
255 966 342 993 non
363 950 636 1006 specificetur.
697 950 817 992 Dicit
852 951 982 993 etiam
1017 953 1131 1006 quod
1164 952 1253 1007 ipse
1281 968 1368 995 non
1398 957 1461 995 est
1488 956 1713 995 extraneus
1742 954 1928 1009 predicte
1957 957 2068 997 carte

121 1042 252 1085 immo
285 1042 474 1084 totahter
504 1042 769 1098 propinquus
801 1057 876 1098 per
895 1045 1054 1085 rectam
1083 1043 1242 1085 lineam
1273 1044 1493 1100 sanguinis
1521 1045 1574 1086 de
1600 1044 1789 1100 predicto
1811 1044 2068 1088 WILLELMO

122 1148 278 1190 proavo
299 1148 386 1176 suo.
448 1133 568 1175 Dicit
589 1133 719 1175 etiam
740 1134 854 1188 quod
874 1133 990 1176 idem
1011 1133 1296 1177 WILLELMus
1316 1150 1498 1190 proavus
1518 1150 1618 1177 suus
1639 1135 1707 1177 cui
1736 1135 1924 1190 predicta
1955 1139 2069 1178 carta

123 1225 238 1267 facta
269 1224 369 1277 fuit,
405 1223 512 1267 obiit
546 1224 714 1266 seisitus
745 1225 798 1267 de
832 1225 1033 1281 predictis
1067 1225 1322 1268 tenementis
1354 1228 1449 1282 post
1481 1225 1604 1282 cujus
1638 1229 1818 1268 mortem
1857 1226 2070 1282 predictus

123 1314 411 1359 WILLELMUS
451 1315 565 1357 filius
604 1330 705 1357 suus
744 1316 939 1358 successit
979 1316 1018 1358 ei
1058 1319 1107 1358 ut
1147 1317 1260 1359 filius
1299 1320 1342 1358 et
1381 1316 1513 1359 heres.
1574 1316 1635 1359 Et
1673 1320 1819 1373 postea
1857 1317 2070 1372 predictus

120 1407 152 1450 J
154 1421 364 1449 OHANNES
384 1406 499 1449 filius
520 1407 713 1463 ejusdem
730 1406 981 1450 WILLELMI
1002 1412 1123 1463 pater
1143 1422 1243 1450 suus
1262 1408 1374 1450 infra
1394 1410 1550 1450 etatem
1571 1411 1615 1450 et
1634 1408 1680 1450 in
1701 1408 1890 1450 custodia
1910 1408 2072 1450 domini

124 1497 357 1541 JOHANNIS
387 1498 523 1554 Regis
543 1498 728 1540 existens
757 1498 948 1553 predicto
972 1498 1231 1542 WILLELMO
1255 1499 1368 1554 patri
1392 1514 1466 1541 suo
1497 1499 1750 1541 hereditarie
1771 1499 1964 1541 successit
1995 1499 2070 1554 qui

124 1590 298 1645 quidem
319 1589 518 1632 dominus
533 1589 563 1632 J
565 1604 776 1632 OHANNES
792 1589 889 1631 Rex
911 1589 1145 1632 custodiam
1161 1595 1203 1631 et
1218 1589 1498 1632 hereditatem
1518 1590 1650 1645 ipsius
1665 1589 1694 1632 J
1697 1604 1894 1631 OHANNIS
1911 1589 2072 1631 dimisit

125 1681 315 1738 predicto
343 1681 513 1723 Eclmo
541 1681 750 1723 avunculo
778 1680 910 1737 ipsius
930 1680 959 1723 J
962 1695 1160 1722 OHANNIS
1181 1682 1284 1723 tunc
1317 1680 1559 1722 HERFORD'
1582 1680 1774 1736 episcopo
1795 1695 1879 1735 qua
1899 1679 2072 1735 quidem

125 1774 317 1816 custodia
349 1774 531 1815 durante
556 1772 662 1815 obiit
692 1772 807 1814 idem
837 1772 1032 1814 Efflnms
1059 1776 1153 1827 post
1175 1771 1298 1827 cujus
1317 1775 1498 1814 mortem
1527 1771 1743 1828 predictus
1774 1771 2072 1813 REGINALDUS

126 1864 302 1906 intrusit
333 1879 375 1906 se
400 1864 446 1906 in
475 1864 712 1919 predictam
743 1863 1025 1905 hereditatem
1053 1866 1096 1905 et
1123 1866 1268 1918 postea
1291 1863 1412 1904 illam
1438 1862 1626 1904 reddidit
1651 1862 1839 1918 predicto
1864 1861 1893 1903 J
1896 1875 2073 1903 OHANNI

126 1955 240 2012 patri
274 1970 348 1997 suo
368 1960 419 1997 ut
450 1958 565 1997 recto
585 1954 731 1997 heredi
758 1954 938 2011 predicti
959 1953 1208 1997 WILLELMI
1237 1953 1306 1996 avi
1334 1963 1374 1996 et
1401 1953 1510 2009 petit
1539 1952 1750 2009 judicium
1774 1953 1826 1994 de
1853 1952 1931 1994 hoc
1961 1953 2074 2007 quod

124 2047 339 2103 predictus
370 2062 508 2089 comes
533 2046 749 2102 cognoscit
778 2045 1012 2101 predictam
1040 2048 1201 2088 cartam
1224 2045 1384 2086 factam
1407 2044 1597 2100 predicto
1628 2043 1886 2087 WILLELMO
1916 2058 2071 2099 proavo

127 2153 202 2181 suo
228 2141 271 2180 et
297 2138 418 2180 illam
445 2153 532 2181 non
560 2138 730 2180 dedicit.
792 2136 853 2179 Et
873 2137 1088 2192 predictus
1119 2151 1256 2178 comes
1276 2135 1380 2177 dicit
1410 2136 1525 2190 quod
1554 2134 1767 2189 predictus
1789 2133 2072 2177 WILLELMUS

126 2230 241 2272 filius
256 2229 508 2273 WILLELMI
530 2229 612 2281 avi,
635 2231 728 2280 etc,
750 2243 973 2283 nunquam
992 2226 1143 2269 habuit
1163 2226 1352 2282 aliquam
1373 2226 1571 2268 seisinam
1591 2226 1643 2267 de
1663 2224 1852 2280 predicta
1871 2226 1983 2266 terra
1998 2239 2074 2266 nec

131 2321 161 2364 J
163 2335 373 2364 OHANNES
393 2321 506 2363 filius
528 2336 627 2363 suus
648 2320 687 2363 ei
708 2320 903 2362 successit
922 2319 968 2361 in
989 2320 1168 2361 eandem
1189 2321 1250 2360 set
1280 2318 1417 2374 ipsam
1440 2316 1620 2359 intravit
1646 2332 1722 2372 per
1749 2315 2074 2358 convencionem

127 2413 241 2455 inter
269 2413 411 2468 ipsum
450 2411 479 2455 J
482 2426 708 2454 οΗΑΝΝΕΜ
755 2413 798 2453 et
836 2410 1074 2467 predictum
1110 2410 1436 2460 REGmALnUM,
1466 2410 1531 2451 etc
1534 2440 1712 2450 ......
1735 2407 1972 2462 predictum
1999 2408 2074 2449 est.

129 2504 191 2546 Et
210 2503 289 2546 hoc
308 2506 482 2559 paratus
503 2506 565 2545 est
585 2502 798 2545 verificare
818 2517 893 2557 per
912 2501 1096 2557 patriam
1115 2501 1183 2543 vel
1203 2500 1286 2542 alio
1307 2501 1433 2541 modo
1455 2499 1562 2541 sicut
1583 2498 1698 2540 curia
1717 2496 2053 2539 consideraverit.

188 2593 341 2636 Postea
361 2609 386 2636 a
406 2594 474 2636 die
496 2593 656 2636 Pasche
676 2593 723 2634 in
752 2607 888 2634 unum
907 2606 1096 2634 mensem
1116 2605 1228 2632 anno
1247 2590 1371 2646 regni
1400 2604 1514 2631 nunc
1534 2591 1680 2630 octavo
1701 2587 1800 2643 quia
1819 2587 1927 2628 alius
1947 2601 2075 2642 quam

131 2685 330 2727 dominus
350 2685 447 2727 Rex
467 2685 514 2726 in
535 2700 632 2727 casu
654 2683 875 2735 consimili,
898 2687 963 2725 etc
966 2714 1146 2725 ......
1169 2697 1244 2737 per
1265 2684 1472 2723 statutum
1494 2680 1545 2722 de
1567 2678 1740 2722 oonsilio
1761 2677 1923 2720 domini
1943 2677 2078 2733 Regis

132 2776 232 2818 inde
262 2776 425 2819 factum
456 2776 769 2818 consideratum
800 2777 862 2817 est
882 2775 996 2830 quod
1025 2773 1238 2830 predictus
1259 2772 1543 2816 WiLLELMus
1574 2771 1626 2812 de
1655 2770 1839 2812 BREUSE
1868 2768 1968 2810 inde
1989 2768 2078 2811 sine

136 2868 219 2919 die,
241 2871 318 2910 etc.

725 2940 774 2978 (1)
797 2940 855 2969 See
877 2939 931 2969 the
952 2939 1087 2977 parallel
1110 2947 1262 2976 passages
1284 2937 1318 2966 in
1339 2936 1494 2966 DCCXL.

338 3196 416 3230 7M
