2386 3645
1888 281 1996 323 1191

111 484 335 527 BAPTISTE
366 498 443 538 pro
478 483 663 538 quodam
695 486 907 525 tenemeto
939 482 985 524 in
1016 482 1275 525 LOGHERNE
1307 484 1420 538 quod
1444 486 1617 526 vocatur
1637 484 1810 527 ILONDE
1831 487 2054 530 annuatim

111 573 386 629 persolvendo
423 588 498 628 pro
539 572 735 615 omnibus
774 573 868 615 aliis
907 572 1091 615 serviciis
1140 573 1516 616 consuetudinibus
1555 574 1678 617 sectis
1726 575 1848 618 donis
1887 577 2057 620 auxiliis

111 662 432 719 quibuscunque
476 663 803 719 imperpetuum.
883 663 1090 706 Volentes
1134 667 1176 706 et
1225 665 1499 707 concedentes
1537 680 1614 721 pro
1663 665 1784 707 nobis
1832 665 2056 710 heredibus

110 754 265 797 nostris
291 756 335 796 et
361 754 588 809 assignatis
609 755 723 809 quod
747 754 830 796 ista
849 757 965 796 carta
985 757 1028 796 et
1055 769 1202 797 omnes
1223 755 1306 797 alie
1328 758 1440 798 carte
1461 756 1699 811 supradicte
1721 757 1952 798 secundum
1967 757 2055 800 vim

109 845 290 887 formam
319 847 362 886 et
387 844 587 887 effectum
612 845 842 887 earundem
866 845 913 887 111
938 844 1134 887 omnibus
1163 845 1250 888 suis
1277 846 1465 888 articulis
1491 846 1670 889 firmiter
1697 850 1740 889 et
1759 847 2061 891 inviolabiliter

111 935 385 979 observentur
414 935 728 991 imperpetuum
761 969 769 978 .
803 936 926 978 Licet
956 936 1124 978 articuli
1150 936 1284 992 aliqui
1308 937 1354 979 in
1382 937 1541 980 eisdem
1565 938 1633 980 vel
1661 938 1804 994 aliqua
1831 940 2062 983 earundem

111 1027 300 1070 contenti
339 1026 556 1082 hucusque
596 1026 773 1068 minime
813 1027 975 1069 fuerint
1029 1026 1250 1070 observati.
1333 1027 1625 1071 Concessimus
1664 1029 1793 1071 etiam
1827 1045 1903 1085 pro
1943 1030 2064 1074 nobis

109 1116 336 1160 heredibus
356 1120 399 1159 et
419 1117 644 1173 assignatis
664 1117 818 1160 nostris
839 1118 953 1173 quod
973 1133 1051 1160 1108
1070 1133 1149 1160 1100
1168 1118 1343 1161 heredes
1362 1119 1497 1162 nostri
1517 1134 1594 1161 nec
1622 1119 1777 1175 aliquis
1796 1135 1872 1175 per
1891 1136 1968 1163 1108
1987 1136 2064 1177 pro

110 1207 233 1250 nobis
253 1223 327 1250 seu
346 1208 518 1250 nomine
539 1211 682 1250 nostro
704 1208 867 1264 aliquid
887 1208 1092 1250 faciemus
1114 1209 1180 1250 vel
1199 1209 1492 1265 perquiremus
1513 1225 1588 1265 per
1607 1211 1723 1266 quod
1749 1211 1831 1252 ista
1858 1215 1973 1253 carta
1998 1212 2066 1254 vel

113 1300 302 1355 aliquam
324 1299 533 1341 dictarum
555 1302 767 1341 cartarum
788 1299 1030 1355 aliqualiter
1050 1299 1317 1356 infringatur
1330 1301 1397 1343 vel
1409 1301 1649 1343 infirmetur
1665 1305 1740 1344 ant
1757 1302 2041 1346 adnichiletur
2054 1338 2063 1346 .

113 1393 157 1433 et
183 1390 218 1432 si
239 1390 403 1446 aliquid
425 1389 477 1432 ab
499 1390 642 1445 aliquo
662 1390 946 1446 perquisitum
965 1390 1034 1432 vel
1054 1390 1218 1432 factum
1245 1390 1330 1433 fuit
1357 1394 1503 1434 contra
1524 1393 1692 1435 easdem
1712 1393 1845 1435 nichil
1865 1394 2005 1436 valeat
2024 1397 2066 1437 et

111 1496 188 1537 pro
208 1481 328 1523 nullo
344 1479 553 1523 habeatur
573 1481 618 1522 in
639 1480 850 1522 futurum.
913 1480 1056 1527 Quare
1072 1481 1328 1537 precipimus
1344 1485 1388 1524 et
1402 1483 1657 1526 mandamus
1678 1485 1903 1527 senescallo
1923 1487 2066 1528 nostro

114 1572 360 1615 GOUHERIE
384 1574 428 1614 et
448 1571 644 1614 omnibus
665 1587 712 1615 ac
728 1572 910 1628 singulis
925 1571 1094 1614 ballivis
1115 1576 1158 1615 et
1177 1572 1383 1615 ministris
1402 1574 1557 1616 nostris
1576 1575 1767 1630 parcium
1787 1575 1959 1617 illarum
1980 1578 2070 1618 tam

110 1662 378 1719 presentibus
414 1678 543 1719 quam
581 1662 740 1705 futuris
774 1664 888 1719 quod
928 1663 1054 1705 istam
1089 1667 1250 1706 cartam
1282 1667 1325 1707 et
1365 1679 1510 1707 omnes
1549 1665 1760 1721 predictas
1800 1669 1937 1709 cartas
1976 1669 2066 1709 tam

112 1769 317 1809 magnam
352 1756 514 1797 cartam
547 1755 600 1796 de
633 1753 902 1797 libertatibus
938 1754 1184 1798 GOUHERIE
1217 1771 1347 1811 quam
1387 1755 1491 1798 alias
1526 1771 1797 1813 quascunque
1838 1759 2069 1801 secundum

110 1847 303 1888 tenorem
323 1846 556 1887 earundem
572 1845 760 1901 plenarie
777 1846 977 1888 allocetis.
1039 1846 1101 1888 Et
1121 1861 1267 1889 omnes
1286 1846 1505 1889 libertates
1518 1849 1560 1889 et
1576 1846 1767 1903 singulas
1783 1847 1829 1889 in
1846 1847 2004 1890 eisdem
2025 1850 2067 1891 et

111 1935 293 1992 singulis
320 1937 553 1979 earundem
574 1939 793 1979 contentas
813 1937 992 1979 usitatas
1016 1940 1058 1979 et
1082 1952 1170 1979 non
1194 1938 1373 1980 usitatas
1403 1938 1656 1980 conservetis
1679 1938 1818 1980 illesas
1839 1941 1880 1981 et
1901 1939 1954 1981 ab
1975 1939 2070 1982 aliis

112 2028 165 2069 de
206 2030 342 2069 cetero
383 2027 620 2069 conservari
659 2027 825 2070 faciatis
864 2028 1195 2084 imperpetuum.
1261 2028 1319 2070 In
1359 2028 1483 2084 cujus
1521 2028 1584 2070 rei
1623 2029 1916 2072 testimonium
1955 2029 2066 2073 hanc

111 2121 351 2174 presentem
379 2121 539 2161 cartam
559 2121 749 2161 nostram
770 2118 902 2174 sigilli
922 2120 1056 2162 nostri
1076 2119 1349 2175 impressione
1368 2119 1669 2163 roboravimus.
1732 2120 1835 2163 Hiis
1855 2121 2034 2164 testibus
2056 2155 2065 2164 .

112 2209 296 2251 dominis
320 2208 489 2251 Tuom
520 2210 573 2251 de
601 2208 770 2252 LAcoN’
794 2244 803 2252 .
826 2213 930 2252 tunc
951 2211 1177 2253 senescallo
1209 2210 1455 2253 GOUHERIE
1479 2245 1488 2254 .
1510 2211 1750 2254 NICHOLAO
1770 2212 1823 2254 de
1843 2211 2032 2254 HEWYK
2055 2246 2064 2255 .

109 2299 322 2342 ROBERTO
353 2301 405 2343 de
434 2300 617 2344 PENREs
639 2335 648 2344 .
671 2301 892 2344 JOHANNE
921 2302 974 2345 de
1003 2301 1255 2344 LANGETON
1280 2302 1488 2345 militibus
1511 2337 1519 2346 .
1544 2303 1750 2345 Rmfflno
1774 2304 1827 2345 de
1848 2303 2031 2346 PENREs
2054 2337 2063 2346 .

107 2390 137 2434 J
139 2405 327 2433 OHANNE
349 2393 401 2434 de
421 2391 464 2434 la
485 2391 614 2434 BERE
638 2425 647 2434 .
671 2391 876 2434 RmARno
897 2393 949 2435 de
970 2393 1284 2436 Rmamonsn
1306 2427 1315 2437 .
1339 2393 1565 2436 PHILmPo
1587 2393 1805 2437 SCORLAG'
1824 2427 1832 2436 .
1849 2394 2061 2437 Rossssmo

108 2483 162 2526 de
195 2483 239 2525 la
273 2482 414 2524 MARE
452 2515 461 2524 .
500 2482 707 2525 RchRDo
733 2482 950 2526 SCORLAG’
989 2519 998 2526 .
1034 2485 1140 2527 ADA
1172 2485 1226 2527 de
1262 2485 1305 2527 la
1343 2485 1475 2527 BERE
1518 2517 1528 2530 .
1570 2484 1784 2528 ROBERTO
1823 2486 2027 2529 MANxEL
2049 2521 2058 2530 .

110 2573 316 2616 RmARno
336 2573 540 2616 MANxm,
561 2577 604 2616 et
623 2574 730 2617 aliis.

168 2664 333 2707 Datum
383 2665 498 2721 apud
548 2665 794 2708 OSTREMUE
844 2667 1128 2710 sextodecimo
1178 2667 1247 2710 die
1295 2667 1453 2710 mensis
1500 2667 1693 2721 Augusti
1736 2683 1849 2710 anno
1883 2667 2063 2712 Domini

109 2754 334 2798 millesimo
361 2756 655 2798 trecentesimo
683 2757 895 2800 tricesimo
925 2760 1076 2814 quarto
1099 2791 1110 2801 .
1131 2762 1175 2801 et
1206 2773 1320 2801 anno
1355 2758 1478 2814 regni
1510 2757 1655 2800 REGIS
1683 2757 1910 2800 EDWARDI
1936 2758 2058 2815 tercij

111 2848 208 2901 post
227 2849 506 2902 conquestum
527 2849 686 2890 octavo,

170 2936 260 2966 John
283 2937 323 2967 de
345 2937 514 2975 Mowbray
538 2948 604 2968 was
628 2939 685 2969 the
713 2939 782 2969 heir
805 2940 838 2970 of
866 2940 923 2970 the
946 2940 1048 2970 Lords
1077 2940 1198 2970 Braose
1226 2941 1259 2970 of
1288 2940 1442 2970 Brember
1469 2940 1534 2969 and
1562 2939 1688 2977 Gower‚
1716 2940 1781 2969 and
1809 2941 1844 2969 of
1871 2940 1986 2979 Henry
2013 2941 2053 2971 de

122 2990 319 3030 Newburgh,
334 2993 411 3022 Earl
426 2995 460 3023 of
476 2993 640 3024 Warwick
655 2996 719 3025 and
734 2995 820 3026 Lord
835 2997 868 3026 ot
884 2996 1011 3034 Gower,
1022 2997 1094 3026 who
1109 2997 1183 3027 died
1198 2997 1231 3026 in
1248 2998 1333 3034 1123,
1348 2997 1412 3026 and
1427 2999 1494 3026 two
1509 2997 1542 3025 of
1559 2996 1666 3025 whose
1682 2996 1835 3033 charters,
1851 2996 1908 3026 sd.
1924 2996 1963 3026 he
1978 2996 2054 3027 here

124 3047 238 3077 recites
263 3049 328 3078 and
352 3049 514 3079 confirms.
555 3049 624 3080 The
646 3050 717 3081 first
740 3051 805 3089 gift
830 3051 858 3081 is
880 3052 914 3082 of
937 3052 993 3082 the
1019 3052 1149 3092 fishery,
1164 3053 1198 3082 of
1213 3052 1301 3082 what
1323 3052 1350 3082 is
1374 3062 1448 3082 now
1463 3052 1546 3081 Pwu
1572 3052 1697 3090 Cynon.
1739 3052 1807 3082 The
1822 3051 1942 3091 Tawey
1957 3052 1984 3082 is
1999 3052 2056 3083 the
