2386 3645
1959 235 2070 277 1325

1011 445 1290 492 MXXXIV.

175 550 391 594 ROYAL
426 551 599 597 WRIT
638 551 716 595 ΤΟ
757 551 889 595 THE
929 552 1305 598 ESGHEATOR
1345 556 1424 600 OF
1463 557 1883 616 GLOUOESTER,
1924 565 2121 609 HERE-

316 642 499 696 FORD,
520 642 656 686 AND
678 642 809 686 THE
829 643 1133 688 MARCHES
1155 645 1234 688 OF
1253 646 1488 700 WALES,
1510 650 1565 691 20
1587 650 1633 693 N
1636 650 1729 695 OV.
1752 654 1807 695 43
1829 653 1990 698 EDW.
2011 656 2119 710 HL,

317 735 459 786 1369;
489 733 626 777 AND
648 733 886 781 INQOES.
915 734 1066 778 POST
1098 736 1369 781 MORTEM
1403 738 1482 781 OF
1510 740 1768 785 THOMAS
1802 744 1883 786 DE
1916 745 2119 790 BELLO

312 824 534 878 GAMPO,
555 825 729 868 EARL
749 825 828 868 OF
849 825 1186 881 WARWIOK,
1207 828 1427 873 TAKEN
1448 830 1535 873 BY
1556 831 1688 875 THE
1709 832 1890 877 SAME.

465 932 654 991 [PRO.
716 933 892 979 INQms.
915 949 955 977 P.
979 949 1112 978 MoR'r.
1174 937 1229 979 43
1251 936 1380 980 Enw.
1404 938 1513 991 HL,
1535 954 1575 982 P.
1599 939 1637 993 I,
1659 954 1708 983 M.
1733 941 1825 998 19.]

1275 1046 1327 1087 15
1358 1044 1470 1089 DEc.
1531 1048 1586 1089 43
1617 1047 1745 1091 Enw.
1778 1049 1870 1093 III.
1935 1052 2058 1094 1369.

222 1149 499 1203 EDWARDUS‚
522 1152 615 1202 etc„
638 1150 792 1193 dilecto
814 1149 895 1193 sibi
916 1150 1175 1195 WILLELMO
1195 1152 1401 1207 AUNCEL,
1434 1156 1634 1198 escaetori
1659 1172 1733 1199 suo
1769 1158 1816 1200 in
1848 1160 2117 1204 comitatibus

161 1240 472 1284 GLoUcEsTmE
493 1247 536 1284 61
556 1240 866 1284 HEREFORDIE
887 1257 937 1284 ac
957 1243 1156 1285 marchiis
1184 1243 1394 1288 WALLIAE
1423 1245 1582 1289 eisdem
1616 1248 1887 1292 comitatibus
1914 1250 2114 1307 adjacen-

159 1332 287 1386 tibus,
310 1336 393 1376 etc.

218 1423 344 1467 Teste
365 1439 433 1467 me
459 1424 551 1480 ipso
572 1425 686 1480 apud
707 1423 1175 1468 WESTMONASTERIUM
1205 1441 1279 1469 XX.
1308 1427 1376 1470 die
1406 1427 1665 1472 Novembris
1690 1445 1803 1473 anno
1829 1432 1953 1488 regni
1982 1433 2116 1476 nostri

158 1515 344 1559 ANGLIE
366 1515 693 1573 quadragesimo
713 1516 844 1559 tercio
863 1516 988 1573 regni
1008 1532 1107 1560 vero
1128 1519 1262 1560 nostri
1283 1519 1490 1562 FRANCIE
1511 1521 1736 1564 tricesimo.

217 1607 452 1665 Inquisicio
488 1611 612 1664 capta
642 1609 758 1664 apud.
800 1608 1149 1652 HEREFORDIAM
1179 1625 1319 1653 coram
1347 1611 1606 1655 WILLELMO
1639 1613 1873 1657 AUNCELL’
1905 1619 2112 1660 escaetore

156 1699 321 1742 domini
360 1699 495 1755 Regis
524 1699 571 1741 in
602 1700 808 1742 comitatu
844 1698 1153 1742 HEREFORDIE
1189 1703 1232 1743 et
1263 1702 1452 1745 marchia
1486 1703 1684 1748 WALLOE
1720 1705 1858 1748 eidem
1890 1707 2111 1751 comitatui

155 1791 379 1848 adjacente
399 1790 715 1846 quintodecimo
737 1790 806 1833 die
826 1791 983 1833 mensis
1009 1791 1257 1835 Decembris
1277 1808 1390 1836 anno
1420 1794 1544 1851 regni
1574 1794 1709 1852 Regis
1735 1796 1962 1840 EDWARDI
1992 1799 2113 1842 tercii

153 1898 179 1925 a
199 1885 432 1938 conquestu
465 1881 790 1938 quadragesimo
831 1882 961 1925 tercio
996 1883 1155 1925 virtute
1187 1882 1327 1926 brevis
1359 1885 1523 1927 domini
1558 1886 1672 1943 regis
1704 1887 1804 1930 111116
1838 1888 2108 1944 inquisicioni

152 1974 318 2018 consuti
349 1989 424 2030 per
459 1977 771 2016 sacramentum
803 1973 834 2017 J
836 1988 1037 2016 OHANNIS
1070 1974 1122 2016 de
1149 1975 1192 2016 la
1225 1975 1356 2018 BERE
1388 1976 1569 2020 militis.
1595 1977 1860 2022 REGINALDI
1881 1980 2105 2024 MALRES.

151 2065 405 2110 WILLELM1
435 2065 702 2108 MAUGEANT
725 2097 734 2107 .
757 2064 990 2108 JOHANNIS
1011 2066 1208 2108 AUBREY
1231 2100 1239 2108 .
1263 2066 1293 2110 J
1295 2081 1496 2110 OHANNIS
1518 2069 1570 2111 de
1591 2068 1812 2112 LUFFELD
1835 2105 1844 2113 .
1874 2070 1904 2114 J
1906 2085 2106 2115 OHANNIS

151 2157 204 2199 de
224 2156 416 2199 DENYOT
439 2190 447 2199 .
471 2156 652 2199 Romam
675 2157 728 2198 de
748 2157 791 2198 la
812 2155 979 2199 HALLE
1003 2191 1011 2199 .
1037 2156 1261 2200 GILBERTI
1284 2157 1496 2201 COLGARE
1520 2194 1528 2202 .
1552 2159 1742 2203 Smoms
1776 2162 1816 2204 16
1849 2161 2072 2205 PARKERE
2094 2198 2102 2206 .

150 2247 331 2290 Rom-sm
352 2247 528 2290 Russm„
552 2280 562 2289 .
585 2246 784 2289 RmARm
806 2248 859 2289 de
889 2246 1074 2290 SHELLE
1107 2282 1116 2290 .
1149 2251 1192 2290 61
1222 2248 1449 2292 WALTERI
1477 2250 1654 2294 RESTET
1687 2285 1696 2294 .
1730 2251 1819 2298 Qui
1850 2253 1999 2296 dicunt
2029 2269 2105 2310 per

147 2341 459 2382 sacramentum
479 2353 604 2380 suum
626 2339 740 2394 quod
761 2337 953 2380 THOMAS
974 2340 1027 2381 (16
1048 2339 1203 2382 BELLO
1225 2340 1384 2383 ΟΑΜΡΟ
1407 2375 1416 2385 .
1439 2357 1577 2398 nuper
1606 2358 1744 2386 comes
1778 2343 2068 2388 WARREWICI
2091 2379 2100 2389 .

145 2429 287 2473 16111111
307 2429 376 2471 (116
397 2444 482 2485 quo
503 2428 608 2471 obiit
630 2431 767 2471 castra
788 2429 840 2471 (16
861 2428 1139 2471 SWENESEYE
1161 2433 1203 2472 61
1225 2430 1582 2475 OYSTRESMOUTH
1603 2436 1646 2476 61
1667 2437 1822 2477 terram
1843 2436 1896 2478 de
1930 2435 2101 2478 GOWER

143 2536 241 2564 cum
278 2519 548 2576 pertinentiis
587 2520 633 2562 in
669 2519 868 2564 WALLIA
905 2521 957 2562 de
991 2521 1235 2564 reddicione
1270 2526 1314 2565 61
1346 2524 1610 2567 concessione
1647 2524 1897 2568 RADULPHI
1934 2528 2098 2570 comitis

144 2609 429 2654 STAFFORDIE
451 2643 459 2652 .
484 2609 690 2652 Rossmm
719 2609 889 2652 HERLE
923 2644 931 2652 .
962 2613 1004 2652 61
1033 2610 1229 2653 RICARDI
1255 2612 1307 2655 de
1331 2611 1551 2656 PYRYTUN
1578 2630 1654 2671 per
1680 2616 1809 2658 finem
1834 2616 2024 2660 levatum
2053 2618 2097 2660 in

145 2701 264 2744 curia
290 2700 455 2744 domini
484 2700 620 2757 Regis
649 2715 764 2743 nunc
784 2716 897 2743 anno
916 2701 1042 2758 regni
1077 2702 1212 2759 Regis
1237 2702 1464 2747 EDWARDI
1496 2720 1612 2748 nunc
1643 2713 1761 2748 xxx0·
1794 2707 1907 2750 inter
1938 2709 2101 2752 dictum

143 2792 342 2836 comitem
381 2791 672 2836 WARREWICI
715 2794 758 2834 61
797 2791 1083 2835 KATERINAM
1123 2809 1300 2836 uxorem
1341 2795 1432 2851 ejus
1463 2795 1556 2852 jam
1592 2797 1840 2840 defunctam
1875 2802 2099 2854 querentes

143 2886 187 2927 et
217 2883 429 2940 predictos
468 2883 667 2925 comitem
707 2881 992 2925 STAFFORDIE
1036 2917 1043 2925 .
1083 2883 1339 2927 ROBERTUM
1372 2889 1415 2929 61
1447 2886 1697 2930 RICARDUM
1730 2888 2010 2932 deforcientes
2046 2891 2098 2933 de

143 2978 279 3018 castro
301 2978 343 3017 61
363 2977 477 3016 terra
497 2975 549 3016 de
571 2973 744 3017 GOWER
765 2989 861 3016 cum
882 2974 1153 3030 pertinentiis
1172 2990 1248 3032 per
1269 2991 1397 3032 quem
1417 2977 1591 3033 quidem
1611 2978 1740 3022 finem
1761 2979 1940 3036 predicti
1960 2996 2098 3024 comes
