<?xml version="1.0" encoding="UTF-8"?>
<!DOCTYPE html PUBLIC "-//W3C//DTD XHTML 1.0 Transitional//EN"
    "http://www.w3.org/TR/xhtml1/DTD/xhtml1-transitional.dtd">
<html xmlns="http://www.w3.org/1999/xhtml" xml:lang="en" lang="en">
 <head>
  <title>
</title>
<meta http-equiv="Content-Type" content="text/html;charset=utf-8" />
  <meta name='ocr-system' content='tesseract 3.04.00' />
  <meta name='ocr-capabilities' content='ocr_page ocr_carea ocr_par ocr_line ocrx_word'/>
</head>
<body>
  <div class='ocr_page' id='page_1' title='image "./cartaeetaliamuni04claruoft_0374.png"; bbox 0 0 2386 3645; ppageno 0'>
   <div class='ocr_carea' id='block_1_1' title="bbox 257 310 366 352">
    <p class='ocr_par' dir='ltr' id='par_1_1' title="bbox 257 310 366 352">
     <span class='ocr_line' id='line_1_1' title="bbox 257 310 366 352; baseline -0.009 0"><span class='ocrx_word' id='word_1_1' title='bbox 257 310 366 352; x_wconf 85' lang='lat'>1470</span> 
     </span>
    </p>
   </div>
   <div class='ocr_carea' id='block_1_2' title="bbox 1070 529 1268 574">
    <p class='ocr_par' dir='ltr' id='par_1_2' title="bbox 1070 529 1268 574">
     <span class='ocr_line' id='line_1_2' title="bbox 1070 529 1268 574; baseline 0.005 -2"><span class='ocrx_word' id='word_1_2' title='bbox 1070 529 1268 574; x_wconf 81' lang='lat' dir='ltr'><strong>MOVII.</strong></span> 
     </span>
    </p>
   </div>
   <div class='ocr_carea' id='block_1_3' title="bbox 198 636 2142 874">
    <p class='ocr_par' dir='ltr' id='par_1_3' title="bbox 198 636 2142 874">
     <span class='ocr_line' id='line_1_3' title="bbox 198 636 2140 684; baseline -0.002 1"><span class='ocrx_word' id='word_1_3' title='bbox 198 641 495 684; x_wconf 83' lang='lat' dir='ltr'>OITATION</span> <span class='ocrx_word' id='word_1_4' title='bbox 536 640 614 684; x_wconf 99' lang='lat' dir='ltr'>OF</span> <span class='ocrx_word' id='word_1_5' title='bbox 655 640 785 682; x_wconf 99' lang='lat' dir='ltr'>THE</span> <span class='ocrx_word' id='word_1_6' title='bbox 836 638 1066 682; x_wconf 84' lang='lat' dir='ltr'><strong>BISHOP</strong></span> <span class='ocrx_word' id='word_1_7' title='bbox 1112 638 1190 680; x_wconf 91' lang='lat' dir='ltr'>OF</span> <span class='ocrx_word' id='word_1_8' title='bbox 1231 636 1575 680; x_wconf 84' lang='lat' dir='ltr'><strong>LLANDAFF</strong></span> <span class='ocrx_word' id='word_1_9' title='bbox 1620 637 1744 680; x_wconf 82' lang='lat' dir='ltr'>FOR</span> <span class='ocrx_word' id='word_1_10' title='bbox 1788 637 2140 682; x_wconf 73' lang='lat' dir='ltr'>WRONGING</span> 
     </span>
     <span class='ocr_line' id='line_1_4' title="bbox 342 728 2142 775; baseline -0.001 0"><span class='ocrx_word' id='word_1_11' title='bbox 342 732 472 775; x_wconf 85' lang='lat' dir='ltr'>THE</span> <span class='ocrx_word' id='word_1_12' title='bbox 523 731 734 774; x_wconf 81' lang='lat' dir='ltr'>HOUSE</span> <span class='ocrx_word' id='word_1_13' title='bbox 785 730 864 773; x_wconf 89' lang='lat' dir='ltr'>OF</span> <span class='ocrx_word' id='word_1_14' title='bbox 903 729 1180 772; x_wconf 77' lang='lat' dir='ltr'>MARGAM</span> <span class='ocrx_word' id='word_1_15' title='bbox 1230 728 1639 772; x_wconf 80' lang='lat' dir='ltr'><strong>OONOERNING</strong></span> <span class='ocrx_word' id='word_1_16' title='bbox 1678 728 1809 772; x_wconf 91' lang='lat' dir='ltr'>THE</span> <span class='ocrx_word' id='word_1_17' title='bbox 1850 729 2142 773; x_wconf 77' lang='lat' dir='ltr'>TYTHING</span> 
     </span>
     <span class='ocr_line' id='line_1_5' title="bbox 341 820 1198 874; baseline -0.006 -8"><span class='ocrx_word' id='word_1_18' title='bbox 341 823 419 866; x_wconf 92' lang='lat' dir='ltr'>OF</span> <span class='ocrx_word' id='word_1_19' title='bbox 458 822 651 874; x_wconf 74' lang='lat' dir='ltr'><strong>AVAN,</strong></span> <span class='ocrx_word' id='word_1_20' title='bbox 692 820 1053 873; x_wconf 81' lang='lat' dir='ltr'>LANGONED,</span> <span class='ocrx_word' id='word_1_21' title='bbox 1095 820 1198 862; x_wconf 75' lang='lat' dir='ltr'>Ero.</span> 
     </span>
    </p>
   </div>
   <div class='ocr_carea' id='block_1_4' title="bbox 716 927 2082 1079">
    <p class='ocr_par' dir='ltr' id='par_1_4' title="bbox 716 927 2082 1079">
     <span class='ocr_line' id='line_1_6' title="bbox 716 927 1615 986; baseline -0.002 -15"><span class='ocrx_word' id='word_1_22' title='bbox 716 929 791 986; x_wconf 87' lang='lat' dir='ltr'>[B.</span> <span class='ocrx_word' id='word_1_23' title='bbox 814 929 876 971; x_wconf 91' lang='lat' dir='ltr'>M.</span> <span class='ocrx_word' id='word_1_24' title='bbox 938 928 1090 970; x_wconf 78' lang='lat' dir='ltr'>HARL.</span> <span class='ocrx_word' id='word_1_25' title='bbox 1125 927 1346 970; x_wconf 77' lang='lat' dir='ltr'>CHARTER</span> <span class='ocrx_word' id='word_1_26' title='bbox 1376 929 1430 970; x_wconf 88' lang='lat'>75</span> <span class='ocrx_word' id='word_1_27' title='bbox 1461 927 1518 970; x_wconf 89' lang='lat' dir='ltr'>A.</span> <span class='ocrx_word' id='word_1_28' title='bbox 1552 927 1615 984; x_wconf 85' lang='lat'>3.]</span> 
     </span>
     <span class='ocr_line' id='line_1_7' title="bbox 1536 1035 2082 1079; baseline 0.004 -2"><span class='ocrx_word' id='word_1_29' title='bbox 1536 1037 1592 1077; x_wconf 85' lang='lat'>24</span> <span class='ocrx_word' id='word_1_30' title='bbox 1622 1035 1746 1077; x_wconf 74' lang='lat' dir='ltr'>MAR.</span> <span class='ocrx_word' id='word_1_31' title='bbox 1807 1035 1922 1078; x_wconf 86' lang='lat' dir='ltr'>A.D.</span> <span class='ocrx_word' id='word_1_32' title='bbox 1960 1037 2082 1079; x_wconf 88' lang='lat'>1413.</span> 
     </span>
    </p>
   </div>
   <div class='ocr_carea' id='block_1_5' title="bbox 194 1143 2155 3020">
    <p class='ocr_par' dir='ltr' id='par_1_5' title="bbox 194 1143 2149 2112">
     <span class='ocr_line' id='line_1_8' title="bbox 254 1143 2142 1200; baseline -0.001 -12"><span class='ocrx_word' id='word_1_33' title='bbox 254 1145 518 1189; x_wconf 80' lang='lat' dir='ltr'><strong>NICHOLAUS</strong></span> <span class='ocrx_word' id='word_1_34' title='bbox 549 1146 600 1187; x_wconf 92' lang='lat' dir='ltr'>de</span> <span class='ocrx_word' id='word_1_35' title='bbox 631 1144 917 1188; x_wconf 78' lang='lat' dir='ltr'>TRANSAQUIS</span> <span class='ocrx_word' id='word_1_36' title='bbox 948 1144 1210 1185; x_wconf 89' lang='lat' dir='ltr'>decretorum</span> <span class='ocrx_word' id='word_1_37' title='bbox 1242 1143 1387 1185; x_wconf 86' lang='lat' dir='ltr'>doctor</span> <span class='ocrx_word' id='word_1_38' title='bbox 1406 1143 1568 1185; x_wconf 89' lang='lat' dir='ltr'>domini</span> <span class='ocrx_word' id='word_1_39' title='bbox 1598 1144 1731 1185; x_wconf 87' lang='lat' dir='ltr'>nostri</span> <span class='ocrx_word' id='word_1_40' title='bbox 1762 1143 1879 1199; x_wconf 89' lang='lat' dir='ltr'>Pape</span> <span class='ocrx_word' id='word_1_41' title='bbox 1899 1144 2142 1200; x_wconf 77' lang='lat' dir='ltr'>capellanus</span> 
     </span>
     <span class='ocr_line' id='line_1_9' title="bbox 195 1233 2142 1293; baseline -0.001 -13"><span class='ocrx_word' id='word_1_42' title='bbox 195 1241 237 1280; x_wconf 88' lang='lat' dir='ltr'>et</span> <span class='ocrx_word' id='word_1_43' title='bbox 267 1237 400 1293; x_wconf 87' lang='lat' dir='ltr'>ipsius</span> <span class='ocrx_word' id='word_1_44' title='bbox 430 1236 536 1279; x_wconf 89' lang='lat' dir='ltr'>sacri</span> <span class='ocrx_word' id='word_1_45' title='bbox 566 1235 725 1278; x_wconf 88' lang='lat' dir='ltr'>Palatii</span> <span class='ocrx_word' id='word_1_46' title='bbox 755 1234 973 1291; x_wconf 91' lang='lat' dir='ltr'>apostolici</span> <span class='ocrx_word' id='word_1_47' title='bbox 1004 1248 1225 1276; x_wconf 87' lang='lat' dir='ltr'>causarum</span> <span class='ocrx_word' id='word_1_48' title='bbox 1255 1237 1297 1276; x_wconf 90' lang='lat' dir='ltr'>et</span> <span class='ocrx_word' id='word_1_49' title='bbox 1325 1248 1448 1275; x_wconf 88' lang='lat' dir='ltr'>cause</span> <span class='ocrx_word' id='word_1_50' title='bbox 1477 1249 1525 1275; x_wconf 89' lang='lat' dir='ltr'>ac</span> <span class='ocrx_word' id='word_1_51' title='bbox 1554 1233 1747 1289; x_wconf 86' lang='lat' dir='ltr'>partibus</span> <span class='ocrx_word' id='word_1_52' title='bbox 1775 1234 2057 1290; x_wconf 76' lang='lat' dir='ltr'>infrascriptis</span> <span class='ocrx_word' id='word_1_53' title='bbox 2088 1234 2142 1278; x_wconf 90' lang='lat' dir='ltr'>ab</span> 
     </span>
     <span class='ocr_line' id='line_1_10' title="bbox 196 1324 2145 1382; baseline -0.001 -11"><span class='ocrx_word' id='word_1_54' title='bbox 196 1330 344 1372; x_wconf 91' lang='lat' dir='ltr'>eodem</span> <span class='ocrx_word' id='word_1_55' title='bbox 374 1328 546 1370; x_wconf 91' lang='lat' dir='ltr'>domino</span> <span class='ocrx_word' id='word_1_56' title='bbox 575 1329 718 1369; x_wconf 87' lang='lat' dir='ltr'>nostro</span> <span class='ocrx_word' id='word_1_57' title='bbox 749 1325 869 1381; x_wconf 88' lang='lat' dir='ltr'>Papa</span> <span class='ocrx_word' id='word_1_58' title='bbox 898 1325 1067 1367; x_wconf 79' lang='lat' dir='ltr'>auditor</span> <span class='ocrx_word' id='word_1_59' title='bbox 1097 1324 1332 1380; x_wconf 76' lang='lat' dir='ltr'>specialiter</span> <span class='ocrx_word' id='word_1_60' title='bbox 1352 1325 1582 1380; x_wconf 88' lang='lat' dir='ltr'>deputatus</span> <span class='ocrx_word' id='word_1_61' title='bbox 1613 1358 1622 1366; x_wconf 88' lang='lat'><strong>.</strong></span> <span class='ocrx_word' id='word_1_62' title='bbox 1655 1324 1880 1368; x_wconf 87' lang='lat' dir='ltr'>Universis</span> <span class='ocrx_word' id='word_1_63' title='bbox 1901 1328 1944 1368; x_wconf 91' lang='lat' dir='ltr'>et</span> <span class='ocrx_word' id='word_1_64' title='bbox 1964 1325 2145 1382; x_wconf 86' lang='lat' dir='ltr'>singulis</span> 
     </span>
     <span class='ocr_line' id='line_1_11' title="bbox 195 1415 2142 1473; baseline -0.002 -11"><span class='ocrx_word' id='word_1_65' title='bbox 195 1420 378 1462; x_wconf 81' lang='lat' dir='ltr'>dominis</span> <span class='ocrx_word' id='word_1_66' title='bbox 407 1417 631 1461; x_wconf 82' lang='lat' dir='ltr'>abbatibus</span> <span class='ocrx_word' id='word_1_67' title='bbox 659 1416 869 1473; x_wconf 78' lang='lat' dir='ltr'>prioribus</span> <span class='ocrx_word' id='word_1_68' title='bbox 900 1416 1123 1472; x_wconf 82' lang='lat' dir='ltr'>prepositis</span> <span class='ocrx_word' id='word_1_69' title='bbox 1153 1415 1324 1458; x_wconf 88' lang='lat' dir='ltr'>decanis</span> <span class='ocrx_word' id='word_1_70' title='bbox 1353 1415 1659 1458; x_wconf 88' lang='lat' dir='ltr'>archidiaconis</span> <span class='ocrx_word' id='word_1_71' title='bbox 1689 1415 1945 1458; x_wconf 86' lang='lat' dir='ltr'>scholasticis</span> <span class='ocrx_word' id='word_1_72' title='bbox 1973 1416 2142 1459; x_wconf 91' lang='lat' dir='ltr'>thesau-</span> 
     </span>
     <span class='ocr_line' id='line_1_12' title="bbox 194 1506 2146 1562; baseline -0.002 -10"><span class='ocrx_word' id='word_1_73' title='bbox 194 1510 317 1553; x_wconf 89' lang='lat' dir='ltr'>rariis</span> <span class='ocrx_word' id='word_1_74' title='bbox 366 1508 606 1551; x_wconf 88' lang='lat' dir='ltr'>cantoribus</span> <span class='ocrx_word' id='word_1_75' title='bbox 655 1506 898 1550; x_wconf 86' lang='lat' dir='ltr'>custodibus</span> <span class='ocrx_word' id='word_1_76' title='bbox 937 1509 1027 1549; x_wconf 86' lang='lat' dir='ltr'>tam</span> <span class='ocrx_word' id='word_1_77' title='bbox 1068 1506 1376 1548; x_wconf 84' lang='lat' dir='ltr'>cathedralium</span> <span class='ocrx_word' id='word_1_78' title='bbox 1416 1521 1546 1561; x_wconf 89' lang='lat' dir='ltr'>quam</span> <span class='ocrx_word' id='word_1_79' title='bbox 1578 1506 1900 1562; x_wconf 85' lang='lat' dir='ltr'>collegiatarum</span> <span class='ocrx_word' id='word_1_80' title='bbox 1935 1507 2146 1550; x_wconf 87' lang='lat' dir='ltr'>canonicis</span> 
     </span>
     <span class='ocr_line' id='line_1_13' title="bbox 194 1597 2144 1657; baseline -0.002 -14"><span class='ocrx_word' id='word_1_81' title='bbox 194 1601 500 1657; x_wconf 86' lang='lat' dir='ltr'>parochialium</span> <span class='ocrx_word' id='word_1_82' title='bbox 520 1599 750 1641; x_wconf 89' lang='lat' dir='ltr'>rectoribus</span> <span class='ocrx_word' id='word_1_83' title='bbox 771 1598 1039 1641; x_wconf 90' lang='lat' dir='ltr'>ecclesiarum</span> <span class='ocrx_word' id='word_1_84' title='bbox 1056 1600 1099 1640; x_wconf 90' lang='lat' dir='ltr'>et</span> <span class='ocrx_word' id='word_1_85' title='bbox 1118 1597 1457 1640; x_wconf 88' lang='lat' dir='ltr'>locatenentibus</span> <span class='ocrx_word' id='word_1_86' title='bbox 1473 1599 1704 1640; x_wconf 86' lang='lat' dir='ltr'>eorundem</span> <span class='ocrx_word' id='word_1_87' title='bbox 1724 1597 1967 1653; x_wconf 87' lang='lat' dir='ltr'>presbiteris</span> <span class='ocrx_word' id='word_1_88' title='bbox 1988 1598 2144 1641; x_wconf 87' lang='lat' dir='ltr'>curatis</span> 
     </span>
     <span class='ocr_line' id='line_1_14' title="bbox 196 1689 2147 1746; baseline -0.001 -12"><span class='ocrx_word' id='word_1_89' title='bbox 196 1695 239 1734; x_wconf 90' lang='lat' dir='ltr'>et</span> <span class='ocrx_word' id='word_1_90' title='bbox 258 1707 345 1734; x_wconf 89' lang='lat' dir='ltr'>non</span> <span class='ocrx_word' id='word_1_91' title='bbox 366 1691 521 1734; x_wconf 91' lang='lat' dir='ltr'>curatis</span> <span class='ocrx_word' id='word_1_92' title='bbox 541 1690 733 1746; x_wconf 90' lang='lat' dir='ltr'>plebanis</span> <span class='ocrx_word' id='word_1_93' title='bbox 754 1689 1037 1746; x_wconf 86' lang='lat' dir='ltr'>viceplebanis</span> <span class='ocrx_word' id='word_1_94' title='bbox 1058 1689 1286 1745; x_wconf 87' lang='lat' dir='ltr'>capellanis</span> <span class='ocrx_word' id='word_1_95' title='bbox 1302 1689 1469 1731; x_wconf 86' lang='lat' dir='ltr'>vicariis</span> <span class='ocrx_word' id='word_1_96' title='bbox 1488 1689 1719 1744; x_wconf 84' lang='lat' dir='ltr'>perpetuiis</span> <span class='ocrx_word' id='word_1_97' title='bbox 1733 1689 1891 1731; x_wconf 87' lang='lat' dir='ltr'>clericis</span> <span class='ocrx_word' id='word_1_98' title='bbox 1907 1691 1950 1731; x_wconf 89' lang='lat' dir='ltr'>et</span> <span class='ocrx_word' id='word_1_99' title='bbox 1969 1689 2147 1732; x_wconf 86' lang='lat' dir='ltr'>notariis</span> 
     </span>
     <span class='ocr_line' id='line_1_15' title="bbox 196 1779 2145 1837; baseline -0.002 -12"><span class='ocrx_word' id='word_1_100' title='bbox 196 1798 270 1825; x_wconf 87' lang='lat' dir='ltr'>seu</span> <span class='ocrx_word' id='word_1_101' title='bbox 289 1781 590 1824; x_wconf 86' lang='lat' dir='ltr'>tabellionibus</span> <span class='ocrx_word' id='word_1_102' title='bbox 609 1780 790 1837; x_wconf 87' lang='lat' dir='ltr'>publicis</span> <span class='ocrx_word' id='word_1_103' title='bbox 810 1780 1131 1836; x_wconf 85' lang='lat' dir='ltr'>quibuscunque</span> <span class='ocrx_word' id='word_1_104' title='bbox 1151 1795 1228 1836; x_wconf 88' lang='lat' dir='ltr'>per</span> <span class='ocrx_word' id='word_1_105' title='bbox 1247 1780 1463 1823; x_wconf 89' lang='lat' dir='ltr'>civitatem</span> <span class='ocrx_word' id='word_1_106' title='bbox 1494 1783 1538 1822; x_wconf 89' lang='lat' dir='ltr'>et</span> <span class='ocrx_word' id='word_1_107' title='bbox 1567 1780 1767 1822; x_wconf 75' lang='lat' dir='ltr'>diocesim</span> <span class='ocrx_word' id='word_1_108' title='bbox 1796 1779 2145 1822; x_wconf 78' lang='lat' dir='ltr'><strong>LANDAVENSEM</strong></span> 
     </span>
     <span class='ocr_line' id='line_1_16' title="bbox 197 1870 2149 1926; baseline -0.002 -10"><span class='ocrx_word' id='word_1_109' title='bbox 197 1890 245 1916; x_wconf 88' lang='lat' dir='ltr'>ao</span> <span class='ocrx_word' id='word_1_110' title='bbox 284 1874 388 1916; x_wconf 89' lang='lat' dir='ltr'>alias</span> <span class='ocrx_word' id='word_1_111' title='bbox 417 1872 595 1916; x_wconf 88' lang='lat' dir='ltr'>ubilibet</span> <span class='ocrx_word' id='word_1_112' title='bbox 622 1872 864 1915; x_wconf 85' lang='lat' dir='ltr'>constitutis</span> <span class='ocrx_word' id='word_1_113' title='bbox 892 1875 936 1914; x_wconf 89' lang='lat' dir='ltr'>et</span> <span class='ocrx_word' id='word_1_114' title='bbox 961 1886 1106 1914; x_wconf 91' lang='lat' dir='ltr'>eorum</span> <span class='ocrx_word' id='word_1_115' title='bbox 1137 1870 1311 1914; x_wconf 88' lang='lat' dir='ltr'>cuilibet</span> <span class='ocrx_word' id='word_1_116' title='bbox 1344 1871 1390 1913; x_wconf 88' lang='lat' dir='ltr'>in</span> <span class='ocrx_word' id='word_1_117' title='bbox 1418 1871 1601 1913; x_wconf 86' lang='lat' dir='ltr'>solidum</span> <span class='ocrx_word' id='word_1_118' title='bbox 1628 1872 1684 1913; x_wconf 89' lang='lat' dir='ltr'>ad</span> <span class='ocrx_word' id='word_1_119' title='bbox 1709 1886 1835 1926; x_wconf 91' lang='lat' dir='ltr'>quem</span> <span class='ocrx_word' id='word_1_120' title='bbox 1866 1871 1935 1913; x_wconf 89' lang='lat' dir='ltr'>vel</span> <span class='ocrx_word' id='word_1_121' title='bbox 1962 1872 2016 1912; x_wconf 83' lang='lat' dir='ltr'>ad</span> <span class='ocrx_word' id='word_1_122' title='bbox 2044 1886 2149 1926; x_wconf 92' lang='lat' dir='ltr'>quos</span> 
     </span>
     <span class='ocr_line' id='line_1_17' title="bbox 197 1961 2147 2021; baseline -0.001 -14"><span class='ocrx_word' id='word_1_123' title='bbox 197 1968 411 2021; x_wconf 85' lang='lat' dir='ltr'>presentes</span> <span class='ocrx_word' id='word_1_124' title='bbox 440 1967 581 2007; x_wconf 87' lang='lat' dir='ltr'>nostre</span> <span class='ocrx_word' id='word_1_125' title='bbox 611 1964 752 2006; x_wconf 85' lang='lat' dir='ltr'>littere</span> <span class='ocrx_word' id='word_1_126' title='bbox 772 1963 1043 2019; x_wconf 86' lang='lat' dir='ltr'>pervenerint</span> <span class='ocrx_word' id='word_1_127' title='bbox 1065 1963 1247 2005; x_wconf 89' lang='lat' dir='ltr'>salutem</span> <span class='ocrx_word' id='word_1_128' title='bbox 1266 1963 1313 2004; x_wconf 90' lang='lat' dir='ltr'>in</span> <span class='ocrx_word' id='word_1_129' title='bbox 1334 1962 1507 2005; x_wconf 90' lang='lat' dir='ltr'>domino</span> <span class='ocrx_word' id='word_1_130' title='bbox 1528 1964 1571 2004; x_wconf 86' lang='lat' dir='ltr'>et</span> <span class='ocrx_word' id='word_1_131' title='bbox 1590 1962 1804 2004; x_wconf 89' lang='lat' dir='ltr'>mandatis</span> <span class='ocrx_word' id='word_1_132' title='bbox 1823 1961 1979 2004; x_wconf 88' lang='lat' dir='ltr'>nostris</span> <span class='ocrx_word' id='word_1_133' title='bbox 2000 1977 2147 2017; x_wconf 87' lang='lat' dir='ltr'>ymmo</span> 
     </span>
     <span class='ocr_line' id='line_1_18' title="bbox 199 2054 999 2112; baseline -0.003 -14"><span class='ocrx_word' id='word_1_134' title='bbox 199 2056 337 2098; x_wconf 87' lang='lat' dir='ltr'>verius</span> <span class='ocrx_word' id='word_1_135' title='bbox 357 2055 594 2112; x_wconf 90' lang='lat' dir='ltr'>apostolicis</span> <span class='ocrx_word' id='word_1_136' title='bbox 615 2055 794 2097; x_wconf 83' lang='lat' dir='ltr'>firmiter</span> <span class='ocrx_word' id='word_1_137' title='bbox 816 2054 999 2097; x_wconf 85' lang='lat' dir='ltr'>obedire.</span> 
     </span>
    </p>

    <p class='ocr_par' dir='ltr' id='par_1_6' title="bbox 202 2144 2152 2475">
     <span class='ocr_line' id='line_1_19' title="bbox 258 2144 2150 2202; baseline -0.002 -12"><span class='ocrx_word' id='word_1_138' title='bbox 258 2147 476 2190; x_wconf 88' lang='lat' dir='ltr'>Noveritis</span> <span class='ocrx_word' id='word_1_139' title='bbox 492 2147 605 2202; x_wconf 91' lang='lat' dir='ltr'>quod</span> <span class='ocrx_word' id='word_1_140' title='bbox 620 2161 756 2202; x_wconf 89' lang='lat' dir='ltr'>nuper</span> <span class='ocrx_word' id='word_1_141' title='bbox 776 2146 1064 2188; x_wconf 84' lang='lat' dir='ltr'>sanctissimus</span> <span class='ocrx_word' id='word_1_142' title='bbox 1083 2146 1129 2187; x_wconf 92' lang='lat' dir='ltr'>in</span> <span class='ocrx_word' id='word_1_143' title='bbox 1151 2145 1348 2188; x_wconf 80' lang='lat' dir='ltr'>CHRISTO</span> <span class='ocrx_word' id='word_1_144' title='bbox 1368 2147 1489 2200; x_wconf 87' lang='lat' dir='ltr'>pater</span> <span class='ocrx_word' id='word_1_145' title='bbox 1509 2147 1552 2186; x_wconf 90' lang='lat' dir='ltr'>et</span> <span class='ocrx_word' id='word_1_146' title='bbox 1572 2144 1769 2186; x_wconf 87' lang='lat' dir='ltr'>dominus</span> <span class='ocrx_word' id='word_1_147' title='bbox 1789 2147 1932 2187; x_wconf 90' lang='lat' dir='ltr'>noster</span> <span class='ocrx_word' id='word_1_148' title='bbox 1952 2145 2150 2187; x_wconf 89' lang='lat' dir='ltr'>dominus</span> 
     </span>
     <span class='ocr_line' id='line_1_20' title="bbox 202 2235 2151 2293; baseline -0.002 -12"><span class='ocrx_word' id='word_1_149' title='bbox 202 2239 231 2282; x_wconf 89' lang='lat' dir='ltr'><strong>J</strong></span> <span class='ocrx_word' id='word_1_150' title='bbox 234 2252 444 2281; x_wconf 80' lang='lat' dir='ltr'>OHANNES</span> <span class='ocrx_word' id='word_1_151' title='bbox 460 2237 605 2279; x_wconf 89' lang='lat' dir='ltr'>divina</span> <span class='ocrx_word' id='word_1_152' title='bbox 617 2237 886 2293; x_wconf 84' lang='lat' dir='ltr'>providentia</span> <span class='ocrx_word' id='word_1_153' title='bbox 898 2236 1018 2292; x_wconf 87' lang='lat' dir='ltr'>Papa</span> <span class='ocrx_word' id='word_1_154' title='bbox 1031 2251 1164 2278; x_wconf 83' lang='lat' dir='ltr'>xxm.</span> <span class='ocrx_word' id='word_1_155' title='bbox 1181 2236 1396 2292; x_wconf 89' lang='lat' dir='ltr'>quandam</span> <span class='ocrx_word' id='word_1_156' title='bbox 1409 2235 1713 2278; x_wconf 89' lang='lat' dir='ltr'>commissionis</span> <span class='ocrx_word' id='word_1_157' title='bbox 1730 2235 1816 2277; x_wconf 87' lang='lat' dir='ltr'>sive</span> <span class='ocrx_word' id='word_1_158' title='bbox 1832 2235 2151 2291; x_wconf 90' lang='lat' dir='ltr'>supplicationis</span> 
     </span>
     <span class='ocr_line' id='line_1_21' title="bbox 203 2327 2152 2384; baseline -0.002 -11"><span class='ocrx_word' id='word_1_159' title='bbox 203 2330 395 2374; x_wconf 88' lang='lat' dir='ltr'>cedulam</span> <span class='ocrx_word' id='word_1_160' title='bbox 424 2329 546 2372; x_wconf 83' lang='lat' dir='ltr'>nobis</span> <span class='ocrx_word' id='word_1_161' title='bbox 582 2344 657 2384; x_wconf 91' lang='lat' dir='ltr'>per</span> <span class='ocrx_word' id='word_1_162' title='bbox 687 2332 849 2371; x_wconf 90' lang='lat' dir='ltr'>certum</span> <span class='ocrx_word' id='word_1_163' title='bbox 880 2343 1004 2370; x_wconf 89' lang='lat' dir='ltr'>suum</span> <span class='ocrx_word' id='word_1_164' title='bbox 1024 2343 1234 2370; x_wconf 87' lang='lat' dir='ltr'>cursorem</span> <span class='ocrx_word' id='word_1_165' title='bbox 1253 2327 1487 2383; x_wconf 87' lang='lat' dir='ltr'>presentari</span> <span class='ocrx_word' id='word_1_166' title='bbox 1507 2327 1609 2369; x_wconf 78' lang='lat' dir='ltr'>fecit</span> <span class='ocrx_word' id='word_1_167' title='bbox 1629 2342 1758 2382; x_wconf 88' lang='lat' dir='ltr'>quam</span> <span class='ocrx_word' id='word_1_168' title='bbox 1779 2342 1856 2369; x_wconf 92' lang='lat' dir='ltr'>nos</span> <span class='ocrx_word' id='word_1_169' title='bbox 1876 2342 1973 2369; x_wconf 89' lang='lat' dir='ltr'>cum</span> <span class='ocrx_word' id='word_1_170' title='bbox 1995 2342 2043 2369; x_wconf 88' lang='lat' dir='ltr'>ea</span> <span class='ocrx_word' id='word_1_171' title='bbox 2067 2342 2152 2382; x_wconf 80' lang='lat' dir='ltr'>qua</span> 
     </span>
     <span class='ocr_line' id='line_1_22' title="bbox 206 2418 1724 2475; baseline -0.002 -12"><span class='ocrx_word' id='word_1_172' title='bbox 206 2422 348 2464; x_wconf 89' lang='lat' dir='ltr'>decuit</span> <span class='ocrx_word' id='word_1_173' title='bbox 368 2421 602 2463; x_wconf 87' lang='lat' dir='ltr'>reverentia</span> <span class='ocrx_word' id='word_1_174' title='bbox 621 2419 854 2475; x_wconf 91' lang='lat' dir='ltr'>recepimus</span> <span class='ocrx_word' id='word_1_175' title='bbox 884 2423 1075 2461; x_wconf 89' lang='lat' dir='ltr'>tenorem</span> <span class='ocrx_word' id='word_1_176' title='bbox 1106 2419 1180 2474; x_wconf 91' lang='lat' dir='ltr'>qui</span> <span class='ocrx_word' id='word_1_177' title='bbox 1210 2418 1402 2474; x_wconf 89' lang='lat' dir='ltr'>sequitur</span> <span class='ocrx_word' id='word_1_178' title='bbox 1422 2418 1724 2461; x_wconf 89' lang='lat' dir='ltr'>continentem.</span> 
     </span>
    </p>

    <p class='ocr_par' dir='ltr' id='par_1_7' title="bbox 206 2509 2155 3020">
     <span class='ocr_line' id='line_1_23' title="bbox 262 2509 2152 2567; baseline -0.002 -13"><span class='ocrx_word' id='word_1_179' title='bbox 262 2511 481 2567; x_wconf 86' lang='lat' dir='ltr'>Dignetur</span> <span class='ocrx_word' id='word_1_180' title='bbox 504 2510 616 2554; x_wconf 91' lang='lat' dir='ltr'><strong>B.V.</strong></span> <span class='ocrx_word' id='word_1_181' title='bbox 647 2524 816 2552; x_wconf 88' lang='lat' dir='ltr'>causam</span> <span class='ocrx_word' id='word_1_182' title='bbox 837 2513 880 2552; x_wconf 91' lang='lat' dir='ltr'>et</span> <span class='ocrx_word' id='word_1_183' title='bbox 900 2525 1045 2552; x_wconf 87' lang='lat' dir='ltr'>causas</span> <span class='ocrx_word' id='word_1_184' title='bbox 1064 2524 1193 2565; x_wconf 90' lang='lat' dir='ltr'>quam</span> <span class='ocrx_word' id='word_1_185' title='bbox 1214 2512 1257 2551; x_wconf 91' lang='lat' dir='ltr'>et</span> <span class='ocrx_word' id='word_1_186' title='bbox 1283 2524 1388 2565; x_wconf 91' lang='lat' dir='ltr'>quas</span> <span class='ocrx_word' id='word_1_187' title='bbox 1416 2511 1589 2551; x_wconf 86' lang='lat' dir='ltr'>movent</span> <span class='ocrx_word' id='word_1_188' title='bbox 1619 2524 1693 2551; x_wconf 90' lang='lat' dir='ltr'>seu</span> <span class='ocrx_word' id='word_1_189' title='bbox 1722 2523 1890 2551; x_wconf 90' lang='lat' dir='ltr'>movere</span> <span class='ocrx_word' id='word_1_190' title='bbox 1919 2509 2152 2551; x_wconf 89' lang='lat' dir='ltr'>intendunt</span> 
     </span>
     <span class='ocr_line' id='line_1_24' title="bbox 206 2598 2152 2645; baseline -0.002 0"><span class='ocrx_word' id='word_1_191' title='bbox 206 2602 348 2645; x_wconf 86' lang='lat' dir='ltr'>devoti</span> <span class='ocrx_word' id='word_1_192' title='bbox 378 2606 562 2644; x_wconf 87' lang='lat' dir='ltr'>oratores</span> <span class='ocrx_word' id='word_1_193' title='bbox 592 2600 720 2643; x_wconf 85' lang='lat' dir='ltr'>vestri</span> <span class='ocrx_word' id='word_1_194' title='bbox 749 2599 779 2643; x_wconf 87' lang='lat' dir='ltr'><strong>J</strong></span> <span class='ocrx_word' id='word_1_195' title='bbox 782 2614 991 2643; x_wconf 78' lang='lat' dir='ltr'>OHANNES</span> <span class='ocrx_word' id='word_1_196' title='bbox 1021 2600 1150 2642; x_wconf 85' lang='lat' dir='ltr'>abbas</span> <span class='ocrx_word' id='word_1_197' title='bbox 1180 2603 1223 2643; x_wconf 88' lang='lat' dir='ltr'>et</span> <span class='ocrx_word' id='word_1_198' title='bbox 1252 2603 1484 2642; x_wconf 88' lang='lat' dir='ltr'>conventus</span> <span class='ocrx_word' id='word_1_199' title='bbox 1512 2599 1757 2641; x_wconf 84' lang='lat' dir='ltr'>monasterii</span> <span class='ocrx_word' id='word_1_200' title='bbox 1776 2598 1898 2642; x_wconf 90' lang='lat' dir='ltr'>beate</span> <span class='ocrx_word' id='word_1_201' title='bbox 1918 2599 2078 2641; x_wconf 59' lang='lat' dir='ltr'>Minna</span> <span class='ocrx_word' id='word_1_202' title='bbox 2099 2600 2152 2642; x_wconf 90' lang='grc'>(10</span> 
     </span>
     <span class='ocr_line' id='line_1_25' title="bbox 206 2690 2154 2735; baseline -0.002 0"><span class='ocrx_word' id='word_1_203' title='bbox 206 2693 411 2735; x_wconf 76' lang='lat' dir='ltr'><strong>MARGAN</strong></span> <span class='ocrx_word' id='word_1_204' title='bbox 429 2691 715 2734; x_wconf 85' lang='lat' dir='ltr'>Cisterciensis</span> <span class='ocrx_word' id='word_1_205' title='bbox 730 2691 890 2734; x_wconf 87' lang='lat' dir='ltr'>ordinis</span> <span class='ocrx_word' id='word_1_206' title='bbox 904 2690 1226 2733; x_wconf 84' lang='lat' dir='ltr'>LANDAVENSIS</span> <span class='ocrx_word' id='word_1_207' title='bbox 1242 2691 1415 2733; x_wconf 87' lang='lat' dir='ltr'>diocesis</span> <span class='ocrx_word' id='word_1_208' title='bbox 1437 2693 1583 2733; x_wconf 90' lang='lat' dir='ltr'>contra</span> <span class='ocrx_word' id='word_1_209' title='bbox 1598 2693 1641 2732; x_wconf 91' lang='lat' dir='ltr'>et</span> <span class='ocrx_word' id='word_1_210' title='bbox 1656 2691 1855 2732; x_wconf 87' lang='lat' dir='ltr'>adversus</span> <span class='ocrx_word' id='word_1_211' title='bbox 1874 2692 2154 2733; x_wconf 86' lang='lat' dir='ltr'>reverendum</span> 
     </span>
     <span class='ocr_line' id='line_1_26' title="bbox 206 2781 2153 2841; baseline -0.002 -14"><span class='ocrx_word' id='word_1_212' title='bbox 206 2789 372 2841; x_wconf 89' lang='lat' dir='ltr'>patrem</span> <span class='ocrx_word' id='word_1_213' title='bbox 384 2783 606 2826; x_wconf 88' lang='lat' dir='ltr'>dominum</span> <span class='ocrx_word' id='word_1_214' title='bbox 613 2782 643 2826; x_wconf 84' lang='lat' dir='ltr'><strong>J</strong></span> <span class='ocrx_word' id='word_1_215' title='bbox 646 2796 870 2824; x_wconf 80' lang='lat' dir='ltr'><strong>OHANNEM</strong></span> <span class='ocrx_word' id='word_1_216' title='bbox 884 2783 1125 2838; x_wconf 88' lang='lat' dir='ltr'>episcopum</span> <span class='ocrx_word' id='word_1_217' title='bbox 1134 2782 1481 2824; x_wconf 80' lang='lat' dir='ltr'><strong>LANDAVENSEM</strong></span> <span class='ocrx_word' id='word_1_218' title='bbox 1495 2782 1547 2824; x_wconf 89' lang='lat' dir='ltr'>de</span> <span class='ocrx_word' id='word_1_219' title='bbox 1560 2786 1603 2823; x_wconf 91' lang='lat' dir='ltr'>et</span> <span class='ocrx_word' id='word_1_220' title='bbox 1611 2796 1735 2837; x_wconf 89' lang='lat' dir='ltr'>super</span> <span class='ocrx_word' id='word_1_221' title='bbox 1747 2781 1967 2823; x_wconf 89' lang='lat' dir='ltr'>nonnullis</span> <span class='ocrx_word' id='word_1_222' title='bbox 1978 2781 2153 2837; x_wconf 87' lang='lat' dir='ltr'>injustis</span> 
     </span>
     <span class='ocr_line' id='line_1_27' title="bbox 207 2871 2155 2929; baseline -0.002 -11"><span class='ocrx_word' id='word_1_223' title='bbox 207 2874 502 2918; x_wconf 84' lang='lat' dir='ltr'>vexationibus</span> <span class='ocrx_word' id='word_1_224' title='bbox 523 2877 565 2916; x_wconf 89' lang='lat' dir='ltr'>et</span> <span class='ocrx_word' id='word_1_225' title='bbox 584 2872 964 2928; x_wconf 81' lang='lat' dir='ltr'>inquietationibus</span> <span class='ocrx_word' id='word_1_226' title='bbox 985 2889 1090 2929; x_wconf 89' lang='lat' dir='ltr'>quas</span> <span class='ocrx_word' id='word_1_227' title='bbox 1109 2873 1224 2915; x_wconf 91' lang='lat' dir='ltr'>idem</span> <span class='ocrx_word' id='word_1_228' title='bbox 1253 2873 1507 2915; x_wconf 86' lang='lat' dir='ltr'>reverendus</span> <span class='ocrx_word' id='word_1_229' title='bbox 1526 2875 1647 2928; x_wconf 85' lang='lat' dir='ltr'>pater</span> <span class='ocrx_word' id='word_1_230' title='bbox 1666 2872 1711 2914; x_wconf 88' lang='lat' dir='ltr'>in</span> <span class='ocrx_word' id='word_1_231' title='bbox 1734 2872 1821 2914; x_wconf 89' lang='lat' dir='ltr'>suis</span> <span class='ocrx_word' id='word_1_232' title='bbox 1840 2871 2155 2915; x_wconf 87' lang='lat' dir='ltr'>visitationibus</span> 
     </span>
     <span class='ocr_line' id='line_1_28' title="bbox 208 2962 2153 3020; baseline -0.002 -11"><span class='ocrx_word' id='word_1_233' title='bbox 208 2968 267 3009; x_wconf 91' lang='lat' dir='ltr'>eis</span> <span class='ocrx_word' id='word_1_234' title='bbox 298 2966 431 3008; x_wconf 75' lang='lat' dir='ltr'>infert</span> <span class='ocrx_word' id='word_1_235' title='bbox 465 2968 508 3008; x_wconf 87' lang='lat' dir='ltr'>et</span> <span class='ocrx_word' id='word_1_236' title='bbox 538 2965 697 3007; x_wconf 81' lang='lat' dir='ltr'>inferre</span> <span class='ocrx_word' id='word_1_237' title='bbox 728 2967 904 3007; x_wconf 86' lang='lat' dir='ltr'>conatur</span> <span class='ocrx_word' id='word_1_238' title='bbox 935 2966 988 3007; x_wconf 87' lang='lat' dir='ltr'>de</span> <span class='ocrx_word' id='word_1_239' title='bbox 1019 2968 1061 3007; x_wconf 88' lang='lat' dir='ltr'>et</span> <span class='ocrx_word' id='word_1_240' title='bbox 1092 2979 1216 3020; x_wconf 91' lang='lat' dir='ltr'>super</span> <span class='ocrx_word' id='word_1_241' title='bbox 1237 2964 1498 3007; x_wconf 81' lang='lat' dir='ltr'>exhibitione</span> <span class='ocrx_word' id='word_1_242' title='bbox 1528 2963 1804 3019; x_wconf 88' lang='lat' dir='ltr'>productione</span> <span class='ocrx_word' id='word_1_243' title='bbox 1833 2966 1875 3005; x_wconf 86' lang='lat' dir='ltr'>et</span> <span class='ocrx_word' id='word_1_244' title='bbox 1904 2962 2153 3018; x_wconf 87' lang='lat' dir='ltr'>probatione</span> 
     </span>
    </p>
   </div>
   <div class='ocr_carea' id='block_1_6' title="bbox 208 3054 2155 3115">
    <p class='ocr_par' dir='ltr' id='par_1_8' title="bbox 208 3054 2155 3115">
     <span class='ocr_line' id='line_1_29' title="bbox 208 3054 2155 3115; baseline -0.002 -15"><span class='ocrx_word' id='word_1_245' title='bbox 208 3058 317 3115; x_wconf 79' lang='lat' dir='ltr'>juris</span> <span class='ocrx_word' id='word_1_246' title='bbox 356 3060 399 3100; x_wconf 87' lang='lat' dir='ltr'>et</span> <span class='ocrx_word' id='word_1_247' title='bbox 438 3056 627 3098; x_wconf 86' lang='lat' dir='ltr'>canonici</span> <span class='ocrx_word' id='word_1_248' title='bbox 668 3055 786 3098; x_wconf 89' lang='lat' dir='ltr'>tituli</span> <span class='ocrx_word' id='word_1_249' title='bbox 823 3071 904 3111; x_wconf 91' lang='lat' dir='ltr'>que</span> <span class='ocrx_word' id='word_1_250' title='bbox 943 3055 1104 3099; x_wconf 87' lang='lat' dir='ltr'>habent</span> <span class='ocrx_word' id='word_1_251' title='bbox 1143 3059 1186 3098; x_wconf 90' lang='lat' dir='ltr'>et</span> <span class='ocrx_word' id='word_1_252' title='bbox 1224 3055 1378 3098; x_wconf 89' lang='lat' dir='ltr'>habere</span> <span class='ocrx_word' id='word_1_253' title='bbox 1418 3055 1680 3111; x_wconf 88' lang='lat' dir='ltr'>pretendunt</span> <span class='ocrx_word' id='word_1_254' title='bbox 1714 3054 1760 3096; x_wconf 90' lang='lat' dir='ltr'>in</span> <span class='ocrx_word' id='word_1_255' title='bbox 1796 3056 1840 3096; x_wconf 89' lang='lat' dir='ltr'>et</span> <span class='ocrx_word' id='word_1_256' title='bbox 1873 3055 1928 3096; x_wconf 91' lang='lat' dir='ltr'>ad</span> <span class='ocrx_word' id='word_1_257' title='bbox 1963 3054 2155 3097; x_wconf 87' lang='lat' dir='ltr'>ecclesias</span> 
     </span>
    </p>
   </div>
  </div>
 </body>
</html>
