2386 3645
303 261 415 302 1594

296 467 431 510 Vobis
485 468 618 524 igitur
671 470 925 511 mandamus
974 469 1087 524 quod
1136 467 1267 510 nichil
1316 468 1362 509 in
1413 469 1670 510 contrarium
1719 467 1850 523 hujus
1899 467 2180 509 ordinacionis

240 560 382 600 nostre
422 559 684 613 attemptetis
723 574 799 601 nec
834 559 1079 614 attemptari
1119 574 1192 600 seu
1232 558 1447 614 procurari
1488 558 1654 600 faciatis
1689 573 1765 600 nec
1806 558 1959 613 aliquis
1997 561 2183 600 vestrum

239 651 463 704 attemptet
504 663 577 691 seu
615 653 810 705 procuret
850 650 997 705 quovis
1039 650 1164 691 modo
1204 650 1276 691 sed
1308 649 1441 691 dictos
1482 648 1655 691 abbates
1705 649 1757 690 de
1805 647 2007 690 MORGAN
2050 652 2092 690 et
2131 649 2184 690 de

239 738 531 782 WHITELOND
577 740 809 782 custodiam
854 740 1045 795 regimen
1090 743 1132 781 et
1177 739 1533 795 gubernacionem
1585 739 1694 781 dicte
1739 738 1907 780 abbatie
1946 741 2087 781 nostre
2132 740 2184 781 de

238 829 414 872 STRATA
474 830 680 872 FLORIDA
739 846 787 873 ac
844 831 1034 873 omnium
1095 836 1304 872 terrarum
1363 833 1701 872 tenementorum
1749 829 1996 871 reddituum
2044 844 2185 871 rerum

235 919 443 962 bonorum
508 921 757 963 catallorum
822 924 862 963 et
922 922 1228 976 possessionum
1297 935 1657 977 quorumcumque
1731 920 2040 975 pertinencium
2100 920 2184 962 sive

238 1011 524 1066 spectancium
554 1012 609 1053 ad
639 1013 818 1054 eandem
848 1015 1036 1054 nostram
1066 1011 1281 1053 abbatiam
1305 1011 1435 1054 libere
1463 1014 1505 1054 et
1532 1012 1673 1066 quiete
1699 1025 1844 1066 regere
1875 1014 1918 1053 et
1948 1010 2185 1066 gubernare

237 1102 493 1157 permittatis
542 1102 668 1158 juxta
717 1102 803 1143 vim
854 1102 1036 1144 formam
1078 1106 1119 1144 et
1160 1102 1359 1144 effectum
1403 1102 1623 1144 literarum
1662 1105 1902 1143 nostrarum
1941 1101 2184 1156 patencium

236 1193 537 1248 predictarum.

292 1285 457 1327 Datum
489 1284 566 1327 sub
597 1284 760 1339 privato
791 1284 932 1340 sigillo
963 1287 1105 1326 nostro
1136 1285 1250 1339 apud
1281 1283 1524 1325 Manerium
1558 1291 1750 1325 nostrum
1782 1283 1833 1324 de
1865 1282 2023 1325 SHENE
2054 1283 2183 1325 tercio

234 1375 302 1417 die
323 1374 477 1416 Marcii
497 1389 609 1417 anno
629 1375 753 1431 regni
773 1379 916 1417 nostro
938 1374 1134 1416 vicesimo
1155 1374 1306 1429 primo.

1083 1631 1346 1674 MOLXIX.

231 1740 623 1783 INSPEXIMUS
695 1740 782 1784 BY
855 1740 1103 1783 ROBERT
1178 1739 1449 1792 THOMAS‚
1512 1738 2037 1783 VIOAR—GENERAL
2110 1739 2181 1782 IN

377 1831 749 1874 SPIRITUALS
791 1831 869 1875 OF
910 1831 1040 1874 THE
1083 1830 1345 1874 DIOOESE
1388 1831 1466 1873 OF
1512 1830 1870 1882 LLANDAFF,
1913 1830 1990 1872 OF
2035 1832 2095 1885 (1)
2140 1831 2184 1873 A

377 1923 548 1965 DEED
597 1923 683 1965 BY
723 1923 891 1965 JOHN
939 1923 1020 1965 ΑΡ
1071 1922 1273 1966 DAVID
1326 1921 1537 1964 GRONO
1591 1921 1919 1973 KNAYTHO,
1963 1921 2183 1964 RURAL

376 2014 553 2056 DEAN
604 2014 681 2056 OF
733 2013 1086 2056 GROUNETH
1132 2013 1267 2055 AND
1313 2012 1574 2055 SPEOIAL
1619 2012 2036 2065 COMMISSARY,
2079 2012 2182 2054 RE-

377 2105 594 2148 OITING
619 2105 750 2148 THE
777 2106 836 2160 (2)
863 2104 1176 2147 MANDATE
1203 2104 1281 2146 OF
1309 2104 1439 2146 THE
1469 2103 1614 2146 SAID
1646 2103 1896 2146 ROBERT
1926 2103 2182 2146 THOMAS

378 2197 454 2239 TO
484 2197 625 2248 HIM,
648 2197 771 2239 FOR
797 2199 840 2238 A
865 2197 893 2239 J
898 2196 1034 2238 URY
1060 2196 1136 2238 TO
1166 2195 1400 2238 SETTLE
1432 2195 1562 2237 THE
1596 2194 1849 2237 BOUNDS
1883 2194 1960 2237 OF
1990 2194 2183 2237 LLAN-

380 2287 640 2331 GONETH
680 2287 814 2330 AND
856 2287 1134 2335 KENFEK‚
1176 2287 1309 2329 AND
1353 2286 1483 2329 THE
1525 2285 1754 2328 TITHES
1796 2285 1930 2328 AND
1971 2285 2184 2329 ALTAR

378 2379 557 2430 DUES‚
580 2380 634 2420 29
663 2378 692 2421 J
695 2378 841 2430 ULY,
867 2380 1003 2429 14433
1038 2377 1172 2420 AND
1202 2376 1471 2421 SETTING
1500 2376 1715 2419 FORTH
1748 2376 1878 2418 THE
1910 2376 2184 2419 FINDING

380 2470 553 2512 THAT
626 2470 756 2512 THE
829 2469 1070 2520 TITHES,
1132 2468 1277 2520 ETO„
1338 2466 1705 2510 APPERTAIN
1771 2466 1846 2508 TO
1908 2465 2184 2509 MARGAM

381 2561 609 2604 ABBEY.

905 2635 1136 2692 [MARGAM
1178 2633 1433 2690 CHARTER.]
1521 2632 1674 2675 lDEc.
1739 2632 1850 2673 1403
1876 2631 1959 2686 (for
1982 2632 2126 2685 1443).

296 2745 520 2787 Universis
569 2750 711 2786 sancte
761 2744 908 2786 matris
959 2743 1127 2785 ecclesie
1177 2742 1276 2784 filiis
1325 2743 1379 2784 ad
1430 2756 1534 2796 quos
1582 2744 1797 2795 presentes
1851 2738 1991 2781 littere
2046 2742 2187 2781 nostre

237 2836 507 2892 pervenerint
548 2836 787 2878 Romanus
826 2834 1015 2876 THOMAs
1055 2837 1181 2889 prout
1217 2832 1536 2887 infrascriptum
1574 2834 1634 2873 est
1672 2830 1717 2872 in
1753 2830 1923 2871 civitate
1958 2832 2000 2871 et
2035 2829 2188 2871 diocesi

239 2926 533 2968 LANDAVENSI
567 2925 747 2968 vicarius
780 2925 825 2966 in
858 2923 1149 2980 spiritualibus
1181 2922 1390 2979 generalis
1423 2937 1469 2964 ac
1503 2924 1640 2964 custos
1670 2920 1901 2962 eorundem
1933 2920 2112 2961 salutem
2142 2919 2187 2961 in

240 3017 432 3060 omnium
453 3017 672 3059 salvatore.
