2386 3645
316 248 425 289 1294

307 453 416 496 Cum
446 455 704 510 aliquociens
735 471 786 497 ex
817 457 1001 511 quadam
1036 456 1205 512 speciali
1240 457 1379 512 gratia
1409 456 1703 511 religiosorum
1735 454 1921 497 virorum
1956 489 1964 498 .
2001 454 2186 498 Abbatis

250 547 293 587 et
323 547 553 588 conventus
588 547 640 587 de
670 545 876 588 MARGAN
913 580 921 588 .
959 550 1175 602 pasturam
1210 562 1286 602 pro
1319 546 1452 588 bobus
1486 578 1495 587 .
1532 545 1667 586 vaccis
1695 546 1737 586 et
1764 545 1859 587 aliis
1893 545 2045 588 averiis
2082 546 2188 589 meis

247 635 468 678 habuerim
488 652 612 692 super
631 640 762 679 terras
778 638 1007 679 eorundem
1026 637 1072 678 in
1093 637 1274 692 grangia
1304 637 1356 678 de
1377 635 1532 678 Sancto
1551 634 1799 676 MICHAELE
1823 668 1832 678 .
1854 651 1983 690 quam
2013 636 2186 691 quidem

243 729 461 782 pasturam
490 743 542 769 ex
573 728 756 782 quadam
786 727 919 768 animi
947 727 1120 768 levitate
1148 727 1202 767 ad
1234 741 1333 767 usus
1361 725 1611 767 animalium
1645 739 1836 767 meorum
1863 726 2147 781 predictorum
2169 760 2179 769 .

246 817 469 859 annuatim
508 818 818 859 vendicaverim
848 820 1067 872 tamquam
1096 816 1167 872 jus
1197 815 1356 857 habens
1385 816 1430 856 in
1461 816 1608 857 eadem
1641 849 1650 858 .
1683 815 1900 859 Noveritis
1929 832 1997 859 me
2031 817 2184 873 spiritu

247 910 423 950 ductum
443 909 632 951 veritatis
651 909 858 951 relaxasse
886 911 928 950 et
957 923 1032 963 per
1060 910 1273 962 presentes
1303 906 1476 948 omnino
1507 906 1901 961 quietumclamasse
1927 922 2004 963 pro
2037 922 2105 950 me
2141 911 2185 950 et

240 999 463 1042 heredibus
483 999 587 1041 meis
607 1002 648 1041 et
678 998 903 1054 assignatis
932 999 977 1039 in
1007 1001 1260 1053 perpetuum
1289 1000 1428 1039 totum
1457 997 1528 1052 jus
1558 1000 1601 1039 et
1635 998 1835 1040 clamium
1867 1000 1980 1053 quod
2014 998 2149 1041 habeo
2167 1032 2176 1041 .

234 1089 365 1132 habui
388 1124 396 1131 .
420 1091 486 1132 vel
506 1090 659 1131 habere
690 1095 835 1144 potero
867 1088 1139 1144 quovismodo
1177 1121 1185 1130 .
1223 1088 1268 1129 in
1294 1088 1484 1143 predicta
1511 1092 1685 1143 pastura
1723 1123 1731 1130 .
1766 1104 1838 1131 seu
1875 1089 1920 1130 in
1957 1090 2041 1132 alia
2073 1105 2176 1146 qua·

238 1195 416 1235 cumque
447 1195 572 1235 super
601 1183 757 1221 terram
786 1179 1071 1234 predictorum
1102 1212 1110 1220 .
1144 1177 1309 1220 abbatis
1339 1181 1382 1220 et
1416 1183 1647 1221 conventus
1681 1181 2034 1235 quandocumque
2067 1214 2075 1223 .
2107 1180 2180 1223 Ita

233 1270 429 1312 videlicet
450 1271 562 1325 quod
582 1284 658 1311 nec
680 1284 759 1325 ego
779 1284 856 1311 nec
878 1269 1049 1310 heredes
1068 1268 1153 1310 mei
1172 1269 1240 1310 vel
1262 1269 1469 1325 assignati
1491 1304 1499 1311 .
1518 1285 1595 1312 nec
1615 1269 1769 1325 aliquis
1790 1270 1899 1312 alius
1919 1285 1994 1326 per
2008 1286 2085 1313 nos
2100 1286 2174 1314 seu

230 1360 402 1402 nomine
423 1363 566 1402 nostro
587 1360 749 1414 aliquid
770 1359 878 1414 juris
901 1393 909 1400 .
932 1359 1000 1401 vel
1022 1359 1163 1401 olamii
1183 1359 1229 1400 in
1251 1360 1492 1416 supradicta
1513 1363 1685 1416 pastura
1710 1394 1718 1403 .
1744 1376 1817 1403 seu
1837 1361 1882 1403 in
1917 1361 2060 1417 aliqua
2092 1362 2176 1404 alia

232 1465 494 1505 quacumque
516 1465 640 1505 super
660 1453 817 1493 terram
837 1450 1045 1492 dictorum
1068 1484 1077 1492 .
1103 1484 1111 1492 .
1135 1449 1299 1492 abbatis
1320 1453 1361 1493 et
1382 1454 1615 1494 conventus
1634 1455 1682 1494 ut
1713 1452 1976 1507 premittitur
2005 1453 2176 1509 exigere

230 1541 297 1583 vel
333 1542 553 1583 vendicare
584 1542 814 1596 poterimus
846 1542 1197 1597 quandocumque
1226 1541 1273 1583 in
1303 1544 1557 1598 perpetuum
1594 1576 1602 1584 .
1641 1545 1703 1584 set
1738 1543 1898 1585 exclusi
1934 1543 2066 1585 simus
2100 1559 2176 1599 per

232 1634 444 1687 presentes
465 1631 518 1674 ab
538 1632 654 1674 omni
675 1632 840 1674 accione
860 1635 949 1674 tam
970 1632 1073 1674 reali
1094 1647 1224 1687 quam
1244 1633 1454 1688 personali
1474 1633 1631 1675 dictam
1652 1637 1869 1689 pasturam
1899 1638 2176 1677 concernente

227 1721 449 1777 utrobique
474 1755 481 1763 .
506 1722 701 1764 omnibus
721 1722 981 1778 temporibus
1002 1722 1246 1765 eternaliter
1267 1723 1532 1766 duraturum.
1595 1723 1651 1766 In
1666 1723 1789 1780 cujus
1805 1725 1866 1767 rei
1881 1725 2173 1768 testimonium

228 1812 417 1867 sigillum
438 1827 580 1854 meum
600 1813 863 1869 presentibus
884 1813 988 1855 duxi
1009 1815 1310 1869 apponendum
1333 1848 1341 1856 .
1403 1814 1465 1856 Et
1484 1814 1584 1870 quia
1605 1815 1796 1870 sigillum
1817 1831 1959 1858 meum
1978 1815 2172 1871 pluribus

231 1906 292 1944 est
311 1903 577 1958 incognitum
599 1937 606 1945 .
632 1904 821 1960 sigillum
842 1904 870 1947 J
874 1919 1070 1946 OHANNrs
1090 1904 1247 1947 LovEL
1268 1905 1426 1961 apponi
1445 1906 1680 1961 procuravi.

288 1993 451 2035 Datum
469 1995 584 2049 apud
601 1994 802 2036 MARGAN
819 1995 865 2036 in
886 1995 994 2037 festo
1015 1995 1129 2037 beati
1150 1995 1180 2038 J
1183 2010 1382 2038 oHANNIS
1403 1996 1626 2039 BAP'rlsTE
1641 2012 1753 2040 anno
1769 1997 1933 2040 domini
1948 1998 2175 2041 millesimo

233 2090 357 2126 cccm0·
379 2085 729 2140 quinquagesimo
751 2089 912 2140 quarto.

289 2173 392 2216 Two
413 2175 542 2217 seals:
580 2176 639 2230 (1)
665 2175 760 2217 that
780 2176 825 2218 of
846 2176 1067 2220 WILLIAM
1089 2178 1141 2219 de
1163 2172 1344 2229 Mmznn,
1366 2178 1474 2231 lost3
1513 2179 1573 2234 (2)
1598 2179 1684 2222 seal
1705 2179 1750 2222 of
1769 2179 1799 2222 J
1801 2194 1895 2222 OHN
1911 2179 2081 2232 Lovnn,
2097 2181 2173 2223 red

232 2280 339 2314 wax,
360 2266 447 2320 {in
471 2266 599 2308 diam.
660 2267 704 2309 A
724 2267 859 2310 shield.
880 2267 925 2309 of
945 2283 1081 2311 arms:
1113 2284 1138 2310 a
1153 2269 1296 2311 saltire
1311 2269 1501 2312 between
1521 2270 1618 2312 four
1633 2270 1805 2326 pheons.
1867 2271 2070 2314 Between
2085 2274 2170 2315 two

233 2371 440 2411 wyverns.

913 2419 975 2465 4-4-
996 2416 1030 2459 s'
1052 2431 1270 2460 IOHANNIS
1292 2432 1318 2460 L
1341 2451 1349 2461 .
1374 2452 1382 2460 .
1407 2418 1491 2461 EL.’

289 2504 582 2548 Endorsed—‘
599 2505 747 2549 Litera
767 2508 1069 2563 acquietatoria
1090 2508 1301 2552 Willelmi
1321 2509 1488 2554 Marle.'
