2386 3645
284 277 393 319 1350

1083 497 1311 540 MXLIX.

220 606 392 650 BULL
433 607 512 649 OF
553 606 711 649 POPE
751 605 975 648 URBAN
1011 605 1092 650 VI.
1132 605 1208 647 ΤΟ
1250 604 1381 647 ΤΗΕ
1422 602 1653 646 BISHOP
1689 601 1767 644 OF
1808 599 2168 651 LLANDAFF,

364 698 488 741 FOR
533 697 664 740 THE
715 695 1227 740 APPROPRIATION
1270 695 1348 737 OF
1389 693 1520 736 THE
1562 691 1830 736 CHUROH
1865 691 1943 734 OF
1978 689 2170 742 AVEN,

365 789 448 831 ΟΒ
487 787 847 839 ABERAVON,
889 786 975 829 BY
1015 785 1293 829 MARGAM
1332 784 1562 828 ABBEY.

930 892 1163 950 [MARGAM
1204 891 1463 948 CHARTER]

1373 999 1426 1040 17
1457 998 1589 1041 JULY.
1654 998 1743 1039 6ΤΗ
1774 996 1922 1039 ῩΕΑΒ.
1988 996 2112 1038 1383.

275 1112 500 1154 URBANUS
530 1110 747 1166 episcopus
777 1123 920 1151 servus
950 1121 1167 1149 servorum
1196 1105 1280 1147 Dei
1311 1104 1543 1147 venerabili
1573 1104 1699 1146 fratri
1732 1137 1739 1145 .
1776 1138 1784 1146 .
1818 1104 2013 1159 episcopo
2044 1103 2168 1145 LAN-

218 1217 412 1246 DAVENSI
433 1202 613 1244 salutem
635 1203 678 1242 et
698 1198 969 1255 apostolicam
989 1196 1340 1240 benedictionem.

275 1295 400 1336 Sacre
439 1292 658 1349 religionis
697 1290 776 1334 sub
816 1305 900 1345 qua
940 1289 1085 1331 dilecti
1127 1321 1135 1330 .
1180 1323 1188 1330 .
1227 1287 1357 1330 abbas
1392 1289 1435 1329 et
1475 1288 1708 1329 conventus
1747 1285 1994 1327 monasterii
2045 1285 2168 1328 beate

216 1385 377 1428 MAROE
419 1386 471 1427 de
511 1383 712 1425 MORGAN
765 1381 1095 1424 CISTERCIENSIS
1136 1378 1297 1421 ordinis
1345 1381 1419 1420 tue
1459 1377 1668 1420 dioceseos
1708 1378 1911 1419 devotum
1957 1376 2163 1419 exhibent

216 1477 388 1520 domino
437 1475 696 1517 famulatum
736 1475 999 1529 promeretur
1039 1471 1238 1513 honestas
1284 1471 1334 1511 ut
1373 1469 1483 1511 votis
1523 1483 1670 1511 eorum
1719 1468 1765 1510 in
1815 1468 1898 1510 hiis
1947 1468 2170 1524 presertim

213 1584 290 1626 per
309 1583 391 1623 que
412 1566 582 1608 divinus
603 1565 742 1607 cultus
762 1566 970 1619 augeatur
991 1566 1034 1604 et
1063 1560 1436 1604 commoditatibus
1462 1560 1651 1616 ipsorum
1684 1559 1930 1602 consulatur
1959 1562 2171 1615 quantum

213 1674 310 1702 cum
332 1659 424 1700 Deo
454 1671 675 1712 possumus
694 1654 985 1697 favorabiliter
1009 1668 1261 1695 annuamus.
1325 1650 1534 1693 Exhibita
1556 1650 1766 1706 siquidem
1787 1650 1912 1693 nobis
1933 1665 2071 1706 nuper
2089 1665 2166 1707 pro

213 1752 334 1806 parte
375 1749 563 1805 ipsorum
602 1746 768 1789 abbatis
808 1748 851 1787 et
891 1747 1125 1787 conventus
1173 1743 1324 1799 petitio
1365 1741 1611 1785 continebat
1652 1742 1766 1797 quod
1810 1741 1913 1783 olim
1955 1742 2172 1797 quondam

216 1841 477 1884 EDWARDUS
527 1838 732 1881 SPENSER
780 1836 903 1879 miles
952 1835 1063 1878 dicte
1103 1835 1312 1877 dioceseos
1355 1834 1430 1889 qui
1470 1833 1635 1875 dudum
1683 1832 1990 1874 monasterium
2030 1832 2172 1889 ipsum

215 1933 470 1974 fundaverat
500 1930 568 1986 pie
605 1932 647 1971 et
681 1929 913 1984 prudenter
947 1927 1173 1969 attendens
1205 1925 1319 1981 quod
1351 1925 1407 1966 ad
1439 1923 1746 1966 monasterium
1778 1924 2018 1979 predictum
2055 1924 2170 1978 quod

217 2023 263 2066 in
295 2023 447 2065 itinere
483 2021 652 2078 publico
689 2020 896 2062 situatum
926 2017 1070 2060 existit
1100 2020 1190 2059 tam
1220 2016 1405 2058 divitum
1437 2030 1567 2071 quam
1600 2029 1836 2071 pauperum
1866 2013 2021 2069 quibus
2050 2014 2172 2056 nullo

218 2117 408 2170 tempore
434 2113 671 2168 denegatur
701 2109 846 2152 debita
875 2109 1142 2165 hospitalitas
1170 2107 1397 2150 continuus
1427 2109 1491 2149 est
1520 2120 1758 2157 concurSUS‚
1780 2107 1824 2147 et
1844 2106 1959 2160 quod
1988 2107 2099 2148 terre
2130 2107 2174 2148 et

217 2204 496 2262 possessiones
524 2202 627 2245 dicti
655 2200 901 2243 monasterii
930 2199 1059 2241 maris
1087 2198 1205 2241 litori
1234 2197 1479 2254 adjacentes
1509 2198 1681 2253 propter
1707 2196 1840 2252 ipsius
1862 2196 1990 2238 maris
2011 2211 2172 2239 excres-

220 2296 404 2339 centiam
437 2297 479 2336 et
509 2293 810 2335 inundationes
843 2291 1035 2333 insolitas
1066 2289 1227 2332 steriles
1258 2292 1301 2331 et
1332 2288 1435 2344 ipsis
1464 2288 1610 2330 abbati
1643 2290 1685 2330 et
1729 2287 1958 2330 conventui
2000 2287 2176 2330 inutiles

220 2386 521 2437 reddebantur,
543 2387 586 2427 et
607 2384 722 2440 quod
743 2382 869 2425 boves
891 2397 987 2424 oves
1006 2385 1050 2424 et
1080 2381 1164 2423 alia
1194 2379 1397 2422 animalia
1425 2394 1506 2435 que
1531 2379 1613 2435 ipsi
1644 2378 1774 2421 abbas
1795 2381 1838 2421 et
1868 2381 2100 2421 conventus
2129 2379 2176 2421 in

220 2479 307 2522 illis
327 2477 519 2534 partibus
543 2475 759 2518 habebant
788 2476 960 2530 propter
984 2472 1248 2529 pestilentias
1277 2474 1320 2514 et
1347 2471 1610 2513 calamitates
1643 2470 1748 2512 alias
1768 2470 1815 2512 in
1845 2470 2034 2513 maxima
2054 2473 2175 2527 parte

225 2570 449 2614 casualiter
483 2570 653 2610 mortua
684 2567 866 2617 fuerant,
901 2567 944 2607 et
976 2565 1090 2620 quod
1121 2566 1344 2619 propterea
1376 2562 1538 2604 dictum
1570 2561 1876 2604 monasterium
1906 2566 1997 2604 erat
2026 2561 2175 2604 multis

224 2661 378 2704 debitis
408 2661 463 2702 ad
495 2673 671 2715 magnas
700 2656 978 2712 pecuniarum
1008 2670 1195 2698 summas
1240 2655 1475 2705 oneratum,
1506 2652 1578 2709 jus
1618 2654 1870 2708 patronatus
1905 2652 2179 2709 parrochialis

224 2752 394 2795 ecclesie
429 2752 481 2793 de
517 2749 668 2801 AVEN,
700 2748 811 2790 dicte
843 2747 1053 2789 dioceseos
1085 2746 1200 2802 quod
1231 2745 1287 2787 ad
1318 2744 1459 2800 ipsum
1495 2742 1677 2785 militem
1706 2743 1900 2798 legitime
1920 2743 2176 2799 pertinebat,

225 2844 384 2886 eisdem
433 2841 579 2884 abbati
619 2843 661 2882 et
701 2838 929 2881 conventui
978 2853 1028 2880 ea
1066 2837 1308 2879 intencione
1348 2834 1523 2877 donavit
1565 2834 1678 2890 quod
1719 2833 1892 2876 ecclesia
1931 2833 2024 2890 ipsa
2065 2835 2177 2877 dicto

225 2933 480 2977 monasterio
520 2933 836 2988 imperpetuum
871 2929 1066 2972 uniretur
1106 2928 1445 2983 incorporaretur
1478 2928 1521 2968 et
1556 2927 1854 2967 annecteretur
1892 2959 1900 2968 .
1935 2925 1998 2967 ita
2033 2927 2179 2968 tamen

226 3026 341 3082 quod
379 3025 462 3081 ipsi
502 3023 631 3066 abbas
662 3025 705 3065 et
737 3023 971 3064 conventus
1004 3019 1178 3063 solitum
1210 3017 1314 3061 dicti
1348 3016 1596 3060 monasterii
1616 3015 1920 3059 monachorum
1953 3031 2182 3059 numerum
