2386 3645
358 288 469 330 1560

354 495 573 538 Noveritis
593 509 670 537 nos
691 494 907 550 quoddam
926 492 1052 535 breve
1078 492 1246 548 regium
1277 492 1481 547 recepisse
1503 507 1552 534 ea
1581 506 1665 547 qua
1703 491 1844 533 decuit
1878 491 2120 533 reverencia
2152 505 2250 534 cum

296 585 455 629 honore
477 585 599 641 cujus
619 590 741 627 tenor
762 585 953 640 sequitur
973 586 1015 626 et
1036 586 1098 625 est
1119 583 1218 625 talis
1237 598 1306 624 :—

443 677 684 720 HEchUs
705 675 762 721 D.
784 691 825 732 g.
851 676 945 717 Rex
967 675 1150 716 ANGLOE
1172 676 1214 716 et
1235 674 1441 715 FRANcm
1464 676 1507 716 et
1527 673 1740 715 Dominus
1761 672 2002 714 HIBERNIE
2024 673 2251 715 senescallo

385 772 427 810 et
447 768 541 824 ejus
561 768 765 823 deputato
786 781 834 808 ac
853 765 1059 821 receptori
1079 765 1234 807 nostris
1254 764 1434 806 dominii
1454 764 1588 806 nostri
1609 765 1661 805 de
1687 763 1910 805 OGEMORE
1935 796 1942 805 .
1967 763 2160 806 salutem.

442 859 551 902 Cum
572 873 648 900 nos
669 873 743 913 per
770 858 932 899 litteras
953 858 1117 898 nostras
1138 858 1332 910 patentes
1357 855 1635 897 concessimus
1656 854 1822 896 dilectis
1842 853 1965 896 nobis
1985 854 2031 896 in
2053 853 2250 897 OHms'ro

385 949 530 992 abbati
558 951 601 991 et
631 947 857 990 conventui
879 946 1046 989 abbatie
1069 946 1239 987 ecclesie
1267 944 1319 988 B.
1343 945 1406 988 M.
1431 947 1483 987 de
1508 945 1715 987 MARGAN
1735 945 1782 987 in
1811 943 1964 986 soom
1985 944 2184 987 WALLIA
2204 945 2251 987 in

380 1040 685 1083 relevacionem
706 1038 967 1094 paupertatis
988 1038 1140 1080 domus
1160 1037 1348 1092 predicte
1370 1039 1412 1078 et
1432 1037 1478 1078 in
1503 1036 1902 1092 augmentacionem
1925 1035 2063 1078 divini
2084 1035 2249 1078 servicii

381 1132 427 1174 in
457 1133 604 1174 eadem
633 1131 687 1172 ad
727 1129 1013 1172 intencionem
1053 1129 1167 1184 quod
1207 1127 1289 1183 ipsi
1329 1127 1494 1169 diucius
1530 1130 1652 1169 orent
1687 1142 1763 1182 pro
1803 1126 1914 1169 bono
1955 1129 2070 1169 statu
2105 1129 2249 1169 nostro

381 1226 424 1265 et
462 1237 539 1278 pro
579 1220 802 1263 animabus
834 1220 1155 1275 progenitorum
1188 1221 1430 1260 nostrorum
1462 1217 1780 1260 restitucionem
1813 1217 2005 1259 omnium
2040 1220 2249 1259 terrarum

382 1316 722 1356 tenementorum
743 1311 979 1354 molendini
1000 1325 1208 1366 aquarum
1229 1312 1448 1365 pratorum
1466 1311 1738 1365 pasturarum
1759 1323 1983 1350 nemorum
2003 1308 2251 1350 reddituum

381 1404 669 1447 reversionum
689 1406 732 1445 et
753 1402 1023 1444 sei-viciorum
1045 1415 1140 1442 cum
1163 1400 1249 1442 suis
1269 1399 1543 1455 pertinenciis
1562 1399 1675 1441 inter
1696 1414 1827 1454 aquas
1849 1399 1901 1441 de
1918 1398 2185 1441 UKGEMORE
2207 1401 2251 1441 et

382 1495 556 1538 GARWE
588 1509 671 1550 que
699 1508 775 1549 per
806 1492 1107 1536 WILLELMUM
1148 1490 1355 1533 LONDON'
1394 1491 1612 1546 quondam
1644 1490 1868 1532 dominum
1894 1490 1946 1532 de
1980 1489 2249 1532 UKGEMORE

380 1588 482 1629 data
512 1585 689 1628 fuerunt
717 1585 887 1626 ecclesie
908 1584 1095 1640 predicte
1117 1586 1160 1625 et
1186 1583 1232 1624 in
1253 1597 1386 1624 manu
1405 1584 1550 1624 nostra
1571 1596 1686 1623 nunc
1715 1581 1905 1623 existunt
1939 1614 1947 1623 .
1982 1580 2250 1623 Habendum

379 1677 538 1719 eisdem
560 1675 704 1718 abbati
719 1681 760 1717 et
774 1674 1003 1717 conventui
1024 1677 1065 1716 et
1097 1672 1401 1716 successoribus
1434 1673 1519 1714 suis
1547 1672 1592 1714 in
1616 1674 1867 1728 perpetuam
1893 1671 2168 1714 elemosinam
2197 1672 2250 1714 de

378 1768 500 1810 nobis
520 1771 562 1809 et
583 1766 809 1809 heredibus
825 1765 979 1808 nostris
1012 1800 1019 1806 .
1055 1764 1292 1807 Reddendo
1313 1764 1414 1806 inde
1435 1763 1558 1806 nobis
1580 1766 1623 1806 et
1643 1762 1870 1805 heredibus
1890 1763 2045 1805 nostris
2066 1764 2246 1819 quadra-

379 1860 501 1916 ginta
531 1859 686 1901 solidos
715 1857 940 1900 annuatim
972 1872 1049 1913 pro
1070 1855 1267 1898 omnibus
1288 1855 1474 1898 serviciis
1495 1854 1872 1897 consuetudinibus
1893 1858 1934 1897 et
1955 1853 2251 1897 exaccionibus

382 1950 718 2007 quibuscumque
754 1951 881 2005 prout
916 1949 960 1990 in
998 1948 1156 1990 eisdem
1197 1947 1352 1989 litteris
1391 1946 1546 1989 nostris
1586 1946 1755 2001 plenius
1796 1945 2038 1988 continetur
2072 1979 2080 1988 .
2116 1945 2251 1989 Vobis

380 2042 634 2098 precipimus
667 2044 710 2083 et
742 2041 997 2082 mandamus
1029 2040 1144 2095 quod
1179 2038 1336 2081 eisdem
1367 2037 1513 2080 abbati
1543 2040 1586 2080 et
1617 2037 1845 2079 conventui
1874 2036 2172 2079 liberacionem
2203 2051 2250 2078 ac

382 2132 700 2175 restitucionem
731 2131 923 2174 omnium
951 2134 1161 2173 terrarum
1190 2131 1533 2171 tenementorum
1563 2131 1640 2171 etc.
1673 2130 1750 2170 etc.
1785 2127 2058 2170 serviciorum
2085 2128 2248 2183 predic-

383 2228 526 2268 torum
566 2239 663 2265 cum
702 2222 976 2279 pertinenciis
1021 2222 1253 2264 secundum
1302 2220 1390 2263 vim
1437 2220 1621 2263 formam
1669 2222 1711 2262 et
1762 2219 1959 2262 effectum
2011 2220 2252 2262 litterarum

384 2318 626 2357 nostrarum
658 2314 946 2370 predictarum
976 2313 1068 2355 fieri
1097 2313 1235 2355 facere
1273 2313 1361 2367 (sic)
1393 2345 1401 2354 .
1440 2311 1713 2354 excusacione
1746 2325 2013 2367 quacumque
2050 2313 2250 2353 cessante.

385 2406 447 2449 Et
466 2406 545 2448 hoc
566 2405 814 2447 nullatenus
836 2404 1056 2446 omittatis.

445 2497 610 2539 Datum
654 2495 732 2538 sub
783 2495 925 2552 sigillo
972 2497 1116 2537 nostro
1153 2495 1332 2536 ducatus
1376 2494 1511 2536 nostri
1550 2493 1836 2535 LANcAsTRIE
1883 2493 1997 2548 apud
2041 2493 2254 2548 palacium

387 2591 580 2630 nostrum
621 2586 1035 2630 WESTMONASTERII
1075 2600 1243 2628 xxan.
1286 2585 1355 2627 die
1396 2583 1561 2640 Aprilis
1602 2598 1716 2626 anno
1755 2583 1879 2640 regni
1918 2583 2053 2626 nostri
2093 2582 2255 2626 decimo

389 2682 549 2722 octavo.
616 2678 780 2732 (1440.)

353 2769 486 2813 Unde
505 2784 583 2811 nos
603 2768 817 2824 predictus
840 2767 1124 2810 RADULPHUs
1147 2766 1399 2809 senescallus
1419 2765 1449 2808 J
1451 2779 1662 2808 OHANNES
1684 2767 1726 2806 et
1746 2764 1776 2807 J
1779 2778 1991 2806 OHANNES
2024 2766 2255 2820 deputatus

295 2861 475 2918 predicti
496 2860 745 2902 RADULPHI
767 2875 815 2901 ac
836 2859 974 2901 dictus
995 2858 1024 2901 J
1027 2872 1237 2900 OHANNEs
1256 2860 1447 2912 receptor
1467 2857 1519 2898 de
1543 2855 1738 2898 OGEMOR
1765 2855 1955 2911 predicto
1991 2856 2180 2898 volentes
2211 2858 2255 2898 et

298 2952 515 3008 cupientes
566 2950 669 2993 dicti
717 2949 857 2992 brevis
906 2949 1016 3005 regii
1063 2948 1361 2991 execucionem
1402 2947 1684 2989 effectualiter
1726 2947 1983 2988 demandare
2026 2945 2172 2989 abbati
2211 2949 2255 2989 et

298 3042 526 3086 conventui
547 3043 599 3083 de
618 3042 824 3083 MARGAN
847 3043 890 3083 et
911 3040 1214 3083 successoribus
1236 3040 1321 3081 suis
1354 3039 1567 3094 integram
1593 3037 1910 3079 restitucionem
1944 3040 1985 3079 et
2017 3038 2253 3092 plenariam
