2386 3645
307 252 419 295 1584

304 459 366 501 Et
392 458 604 514 predictus
631 457 845 498 PAGANUS
874 456 926 497 de
954 454 1094 497 AUNE
1125 456 1168 496 et
1191 453 1473 496 WILLELMUS
1505 453 1657 496 froom:
1680 454 1885 496 attornati
1905 454 2191 509 predictorum

248 549 454 592 HENmm
489 549 710 590 MORGANI
747 550 789 589 et
822 546 989 589 ΤΗΟΜΕ
1018 545 1174 586 virtute
1194 545 1416 586 literarum
1449 559 1621 586 suarum
1642 544 1833 599 superius
1860 545 2192 600 specificatarum

246 640 418 697 plenam
458 643 500 681 et
534 639 752 695 pacificam
784 637 982 679 seisinam
1022 641 1064 677 et
1096 634 1399 690 possessionem
1433 634 1592 676 eisdem
1628 634 1863 676 EDWARDo
1898 638 1941 677 et
1974 635 2003 677 J
2006 649 2193 678 OHANNE

244 730 426 786 predicti
459 730 638 771 manerii
670 730 722 770 de
754 727 947 770 LANFEY
967 741 1064 769 cum
1096 725 1367 782 pertinenciis
1386 725 1545 768 ibidem
1567 726 1612 767 in
1633 727 1759 767 modo
1781 728 1822 767 et
1842 726 1980 768 forma
2001 727 2192 782 superius

246 820 469 863 declaratis
504 820 678 862 nomine
699 833 844 860 eorum
879 817 1238 860 deliberaverunt.
1299 816 1361 857 Et
1381 830 1505 872 super
1525 815 1604 858 hoo
1624 819 1715 858 tam
1735 816 1916 871 predicti
1950 817 2192 860 HENRICUS

246 911 496 953 BEAUFORD
527 910 611 952 Dei
639 910 778 966 gratia
810 908 1049 951 Cardinalis
1068 906 1253 949 ANGLIE
1275 910 1317 949 et
1337 906 1555 962 episcopus
1576 906 1834 950 WYNTONIE
1856 907 2111 949 MORGANUS
2138 923 2191 964 ap

244 1001 274 1045 J
277 1016 434 1043 ANKYN
469 1001 631 1043 KEMYs
664 999 928 1042 et-THOMAS
963 998 1155 1040 LYDDYN
1192 1012 1320 1052 quam
1355 997 1568 1052 predictus
1600 997 1861 1039 EDWARDUS
1894 1002 1935 1039 et
1971 998 2191 1041 JOHANNA

242 1107 350 1134 uxor
370 1092 464 1148 ejus
497 1094 650 1147 petunt
687 1090 799 1145 quod
832 1089 945 1131 facta
966 1093 1007 1130 et
1043 1088 1310 1130 munimenta
1330 1087 1519 1143 predicta
1540 1090 1582 1129 et
1602 1087 1745 1130 omnia
1765 1089 1970 1143 premissa
1990 1104 2066 1144 pro
2097 1104 2190 1145 pre-

244 1183 356 1225 dicto
377 1182 566 1224 manerio
587 1182 639 1222 de
660 1180 852 1222 LANFEY
873 1193 969 1221 cum
988 1177 1262 1234 pertinenciis
1280 1177 1440 1219 ibidem
1461 1180 1538 1219 etc.
1560 1177 1606 1219 in
1628 1179 1776 1219 eadem
1793 1179 1907 1220 curia
1923 1179 1976 1220 de
1998 1178 2190 1221 OGMORE

244 1273 535 1315 irrotulentur.
596 1272 652 1313 In
686 1270 804 1326 cujus
837 1269 898 1312 rei
932 1268 1223 1311 testimonium
1258 1272 1347 1309 tam
1368 1267 1559 1323 prefatus
1586 1267 1615 1310 J
1618 1282 1828 1310 OHANNES
1863 1268 2189 1312 TURBERVILLE

243 1363 383 1406 locum
404 1365 553 1405 tenens
572 1361 732 1404 ibidem
749 1375 877 1416 quam
898 1359 927 1402 J
930 1373 1140 1401 OHANNES
1154 1358 1272 1400 Eum
1292 1358 1557 1401 .JOHANNES
1579 1358 1829 1401 FLEMYNG.
1849 1363 1891 1401 et
1906 1359 2191 1403 WILLELMUS

243 1469 297 1511 ap
333 1454 363 1497 J
367 1468 486 1496 EvAN
529 1453 763 1497 VAUGHAN
807 1485 815 1493 .
857 1454 1080 1494 sectatores
1120 1449 1312 1506 ejusdem
1343 1449 1456 1491 curie
1488 1453 1590 1492 tunc
1625 1449 1785 1492 ibidem
1813 1455 2027 1506 presentes
2051 1451 2194 1508 sigilla

243 1560 320 1589 sua
340 1545 439 1587 huic
459 1545 685 1586 indenture
707 1545 995 1599 apposuerunt
1015 1544 1092 1583 etc.

301 1644 448 1686 Below
483 1659 538 1686 on
574 1643 646 1685 the
687 1642 923 1684 sold—Pro
964 1640 1200 1682 EDWARDO
1241 1639 1513 1682 STRADLYNG
1553 1639 1690 1682 milite
1723 1643 1765 1682 et
1802 1639 1831 1682 J
1833 1654 2022 1682 OHANNA
2063 1656 2194 1684 uxore

243 1735 349 1791 ejus.
413 1734 620 1777 OGMOUR.

302 1834 598 1876 Endorsed——‘
619 1832 901 1888 Recuperatio
921 1831 1102 1874 manerii
1122 1832 1174 1873 de
1195 1830 1368 1886 Lanfey
1389 1831 1435 1873 in
1456 1830 1571 1873 curia
1593 1832 1644 1873 de
1667 1830 1882 1887 Ogmore?

302 1932 425 1974 Deed
446 1932 662 1974 indented.
724 1931 796 1973 No
817 1931 904 1973 seal
924 1930 1000 1972 has
1018 1930 1127 1972 been
1148 1930 1383 1985 appended.

307 2032 441 2068 Jankyn
464 2031 604 2068 Kemeys
622 2040 687 2059 was
711 2030 743 2058 ot'
772 2030 964 2068 Begansley,
980 2030 1039 2058 but
1065 2029 1205 2066 Morgan
1220 2028 1270 2057 his
1288 2038 1344 2057 son
1362 2029 1389 2057 is
1406 2035 1463 2058 not
1479 2029 1651 2059 elsewhere
1666 2029 1806 2058 noticed.
1860 2029 1928 2058 The
1944 2029 2066 2066 parties
2080 2033 2115 2059 to
2131 2029 2186 2059 the

255 2090 334 2119 deed
350 2091 381 2118 of
400 2090 473 2117 1429
489 2089 618 2126 already
634 2089 730 2125 given
742 2097 822 2117 were
837 2088 904 2117 still
919 2088 1013 2123 alive⁷
1028 2088 1092 2116 and
1108 2087 1182 2116 here
1198 2087 1264 2116 find
1280 2087 1305 2115 it
1321 2086 1494 2123 expedient
1510 2095 1544 2114 as
1557 2088 1696 2114 trustees
1712 2085 1745 2113 of
1760 2085 1781 2114 J
1784 2093 1846 2114 oan
1864 2084 2018 2114 Beaufort
2033 2087 2068 2113 to
2083 2084 2184 2114 suffer

256 2155 275 2176 a
300 2155 452 2183 recovery
478 2146 511 2174 of
534 2145 587 2173 the
612 2153 724 2174 manor
749 2145 782 2173 of
809 2144 943 2182 Lanfey,
959 2143 1064 2172 which
1086 2143 1163 2181 they
1179 2152 1252 2172 now
1267 2151 1392 2180 convey
1408 2145 1442 2171 to
1458 2141 1507 2171 Sir
1522 2141 1661 2170 Edward
1676 2140 1845 2178 Stradling
1859 2141 1923 2169 and
1938 2140 2024 2169 Joan
2040 2140 2089 2169 his
2104 2141 2188 2178 wife,

259 2202 323 2231 and
338 2201 519 2230 constitute
533 2210 573 2229 an
589 2204 741 2238 attorney
758 2204 792 2229 to
808 2200 882 2237 give
898 2200 1006 2229 seizin.

265 2284 313 2321 (l)
337 2282 396 2312 No.
412 2284 439 2311 4.
483 2283 535 2311 An
550 2281 687 2319 original
703 2281 809 2311 sealed
822 2281 901 2310 deed
917 2280 1111 2318 resembling
1127 2281 1191 2309 this
1204 2280 1231 2309 is
1245 2280 1408 2316 attached,
1423 2279 1486 2308 and
1502 2279 1560 2308 has
1575 2279 1630 2308 the
1646 2277 1816 2315 following
1831 2278 1960 2307 variant
1975 2278 2123 2315 readings
2139 2289 2184 2308 :—

313 2396 590 2406 ......
635 2362 875 2404 HEchos
915 2362 1133 2418 episcopus
1173 2361 1420 2405 WINTONIE
1461 2359 1732 2411 MORGANUS,
1774 2362 1852 2401 etc.
1891 2393 1898 2401 .
1935 2393 1942 2401 .
1978 2392 1987 2400 .
2022 2393 2030 2401 .
2066 2393 2074 2401 .
2110 2394 2118 2402 .
2156 2362 2198 2402 et

255 2456 555 2499 WILLELMUM
577 2454 729 2496 TECKo
761 2454 1037 2510 conjunctim,
1059 2458 1124 2496 etc
1129 2486 1309 2495 ......
1332 2452 1572 2494 manerium
1599 2452 1651 2492 de
1678 2450 1869 2492 LANFEY
1902 2450 2201 2493 SEYNTDONET

254 2550 297 2590 et
318 2546 617 2588 ESTORCHARD
637 2547 727 2587 tam
747 2544 861 2586 infra
882 2544 1130 2586 comitatum
1152 2544 1438 2586 GLAMORGAN
1461 2556 1590 2597 quam
1619 2541 1735 2583 infra
1764 2540 1939 2583 feodum
1969 2542 2021 2583 de
2052 2541 2200 2584 OGGE-

254 2652 376 2680 MORE
398 2652 494 2678 cum
515 2636 600 2678 suis
621 2635 889 2691 pertinentiis
910 2650 1074 2677 necnon
1095 2636 1147 2677 de
1168 2638 1211 2676 et
1230 2635 1276 2676 in
1298 2633 1494 2676 omnibus
1524 2632 1647 2674 terris
1677 2632 1932 2674 tenementis
1962 2632 2200 2676 redditibus

254 2726 563 2771 reversionibus
593 2730 635 2768 et
665 2725 850 2768 serviciis
881 2740 977 2767 cum
998 2726 1084 2767 suis
1114 2724 1382 2780 pertinentiis
1412 2738 1494 2779 que
1525 2738 1660 2778 nuper
1690 2721 1916 2764 habumius
1947 2737 1999 2764 ex
2027 2724 2138 2766 dono
2159 2726 2202 2766 et

254 2820 530 2862 feoffainento
552 2817 730 2873 predicti
752 2816 978 2858 EDWARDI
999 2816 1045 2858 in
1067 2815 1259 2857 LANFEY
1289 2814 1587 2857 SEYNTDONET
1615 2816 1658 2856 et
1686 2813 1982 2855 ESTORCHARD
2003 2814 2202 2869 predictis

255 2914 298 2954 et
318 2909 421 2952 alibi
440 2909 556 2950 infra
577 2908 824 2950 comitatum
846 2910 889 2949 et
908 2907 1083 2949 feodum
1113 2907 1350 2963 predictum
1381 2906 1612 2948 secundum
1643 2904 1744 2956 vim,
1774 2908 1839 2946 etc
1842 2936 2199 2948 .........

255 3003 438 3047 ANGLIE
461 3000 658 3051 seeundo,
681 3002 746 3040 etc
750 3031 924 3041 .....
953 2998 1110 3054 prefati
1131 2997 1372 3040 HEchos
1392 2996 1611 3052 episcopus
1633 2994 1978 3038 WINTONIENSIS
2001 2994 2202 3038 MORGAN
