2386 3645
1915 231 2024 274 1301

200 431 305 475 This
327 432 505 476 Charter
524 433 560 475 is
579 432 753 489 perfect,
774 431 853 474 but
872 431 1000 473 much
1021 431 1162 483 faded‚
1183 431 1351 488 though
1371 432 1430 488 by
1449 448 1506 476 no
1525 450 1671 477 means
1690 436 1892 493 illegible.

706 521 1005 564 MEMORANDA
1040 536 1098 563 DE
1133 522 1517 565 EGLESKEYNwm.

196 613 264 656 Ac
291 614 424 657 eciam
452 618 501 656 ut
530 615 648 670 patet
678 628 754 669 per
775 613 959 654 diversos
988 613 1150 655 rotulos
1170 616 1444 669 compotuum
1465 614 1629 657 abbatis
1656 620 1698 659 et
1720 623 1950 663 conventus
1970 624 2084 678 quod

135 703 314 748 fuerunt
352 705 398 747 in
437 704 611 760 pacifica
649 703 907 760 possessione
947 704 1158 746 dictarum
1192 707 1402 747 terrarum
1446 706 1499 747 de
1540 706 1951 753 EGLESKEYNWYRE
1990 728 2087 756 cum

138 795 412 851 pertinenciis
439 794 525 837 suis
553 809 601 837 ao
627 808 705 850 pro
733 794 934 850 predictis
961 794 1084 836 terris
1105 794 1209 837 dicti
1229 794 1358 838 abbas
1379 798 1422 838 et
1452 801 1684 840 conventus
1704 799 1873 842 solvunt
1904 803 2086 847 dominis

142 886 304 929 castelli
336 887 388 928 de
424 886 678 929 OGGEMORE
710 886 868 942 viginti
904 886 1058 928 solidos
1093 887 1149 928 ad
1189 886 1352 929 Pascha
1388 890 1430 929 et
1464 888 1621 944 viginti
1656 890 1811 933 solidos
1843 894 1898 934 ad
1929 893 2090 938 festum

142 976 404 1019 MICHAELIS
424 977 543 1019 omni
563 992 675 1019 anno
696 977 750 1019 de
770 991 883 1019 anno
904 976 950 1018 in
971 992 1146 1030 annum,
1169 981 1246 1020 etc.

504 1067 626 1105 Bishop
643 1067 780 1105 Pascall,
796 1067 971 1105 appointed
989 1069 1045 1097 3rd
1060 1067 1156 1106 June,
1173 1069 1248 1098 1347
1263 1080 1271 1106 ;
1297 1069 1370 1098 died
1389 1069 1463 1098 llth
1478 1069 1625 1108 October,
1644 1072 1728 1101 1361.

1032 1300 1191 1344 MXX.

137 1406 305 1450 PLEA
355 1407 672 1451 BETWEEN
723 1407 853 1450 THE
905 1408 1073 1452 LORD
1128 1410 1206 1452 OF
1258 1410 1486 1454 OOYTIF
1536 1411 1610 1454 IN
1655 1413 1762 1457 HIS
1813 1414 2098 1460 ENGLISH

291 1498 498 1542 OOURT
573 1499 791 1542 THERE
861 1500 997 1543 AND
1062 1501 1091 1544 J
1095 1501 1231 1544 OHN
1303 1501 1446 1555 GAY,
1519 1502 1929 1550 CONCERNING
2006 1509 2097 1552 AN

290 1589 588 1633 ALLEGED
648 1590 1117 1635 OONOEALMENT
1169 1592 1247 1635 OF
1299 1593 1482 1647 RENT,
1536 1594 1857 1640 WHEREOF
1907 1598 1998 1641 HE
2040 1600 2097 1643 IS

290 1681 509 1724 FOUND
561 1681 686 1725 NOT
739 1681 995 1726 GOELTY.

1001 1790 1074 1847 [Gr.
1100 1791 1152 1834 Gr.
1177 1791 1252 1848 E]

1279 1884 1304 1925 S
1335 1883 1441 1927 JAN.
1506 1886 1559 1927 32
1591 1886 1719 1928 Enw.
1752 1887 1844 1930 III.
1909 1890 2034 1932 1359.

201 1988 331 2030 Curia
360 1988 606 2045 Anglicana
636 1990 688 2031 de
720 1988 900 2032 OOYTIF'
932 1993 1053 2032 tenta
1080 1991 1240 2034 ibidem
1272 2007 1409 2034 coram
1442 1992 1701 2037 WILLELMO
1732 1996 1963 2039 MARCHAL
1993 2002 2096 2041 tuno

140 2079 369 2121 senescallo
394 2080 462 2121 die
485 2079 722 2122 MERCURII
746 2081 940 2136 proximo
972 2085 1071 2124 ante
1091 2082 1250 2124 festum
1271 2082 1419 2125 Sancti
1440 2084 1667 2127 H1LLAR11
1685 2101 1797 2129 anno
1816 2089 1940 2144 regni
1961 2089 2095 2146 Regis

139 2169 366 2212 EDWARDI
397 2171 513 2212 tertii
543 2174 638 2227 post
669 2175 947 2228 conquestum
978 2174 1189 2216 tricesimo
1220 2176 1415 2217 secundo.

200 2261 230 2303 J
233 2276 443 2304 OHANNES
475 2261 575 2304 GAY
605 2264 658 2304 de
688 2262 864 2305 HISTON
897 2264 1106 2306 allocutus
1137 2269 1199 2307 est
1229 2267 1285 2307 ad
1315 2269 1471 2308 sectam
1501 2268 1664 2310 domini
1699 2270 1752 2311 de
1784 2284 1831 2312 eo
1862 2272 1975 2326 quod
2005 2272 2095 2327 ipse

142 2352 375 2394 concelavit
396 2356 480 2394 tres
500 2353 694 2395 denarios
715 2369 819 2409 quos
840 2354 966 2397 debet
982 2356 1206 2398 annuatim
1223 2357 1275 2398 de
1290 2358 1594 2400 consuetudine
1617 2375 1692 2414 pro
1709 2360 1831 2402 certis
1844 2361 1966 2403 terris
1987 2378 2093 2417 quas

141 2444 261 2484 tenet
281 2442 327 2484 in
346 2443 428 2485 isto
450 2444 639 2486 dominio
660 2445 734 2500 qui
755 2445 928 2500 quidem
949 2445 977 2488 J
981 2460 1191 2488 OHANNEs
1223 2448 1339 2489 venit
1369 2454 1412 2489 et
1443 2449 1546 2491 dicit
1576 2451 1689 2504 quod
1710 2450 1798 2506 ipse
1819 2454 1936 2493 tenet
1956 2468 2091 2495 unum

141 2533 428 2589 messuagium
469 2549 564 2576 cum
605 2535 830 2592 curtilagio
866 2541 908 2578 et
948 2553 1079 2579 unam
1112 2553 1252 2581 acram
1294 2541 1404 2580 terre
1439 2539 1610 2581 arabilis
1645 2543 1687 2582 et
1717 2556 1848 2582 unam
1880 2558 2020 2584 acram
2050 2546 2093 2586 et

141 2623 365 2666 dimidiam
384 2625 497 2680 prati
518 2640 613 2668 cum
634 2626 907 2681 pertinenciis
927 2643 1009 2683 que
1040 2627 1257 2671 PAGANUS
1289 2630 1340 2671 de
1372 2629 1700 2672 Tmzssnssvmmz
1730 2647 1867 2687 nuper
1896 2633 2094 2676 dominus

142 2715 195 2756 de
217 2714 396 2757 GoYTIF'
428 2715 548 2757 dedit
578 2716 837 2759 WILLELMo
867 2718 906 2759 le
929 2718 1027 2760 Gru
1050 2719 1162 2775 patri
1189 2720 1368 2775 predicti
1389 2720 1419 2762 J
1421 2735 1620 2762 oHANle
1641 2721 1764 2777 cujus
1784 2722 1903 2764 heres
1922 2724 2011 2778 ipse
2032 2727 2095 2767 est

137 2820 214 2862 per
233 2807 449 2860 quandam
469 2809 629 2850 cartam
641 2809 876 2850 tenendum
893 2808 973 2851 sibi
988 2810 1215 2853 heredibus
1231 2814 1273 2853 et
1290 2811 1515 2867 assignatis
1530 2826 1606 2866 per
1624 2813 1843 2854 redditum
1859 2815 2090 2857 octodecim

140 2897 412 2940 denariorum
441 2913 517 2953 per
552 2914 714 2941 annum
751 2903 794 2942 et
833 2901 1029 2943 faciendo
1070 2901 1179 2943 sicut
1219 2903 1346 2944 ceteri
1387 2902 1510 2944 liberi
1549 2907 1744 2945 tenentes
1779 2903 2013 2960 Anglicani
2043 2908 2097 2949 de

143 2986 295 3044 [finem
324 3002 412 3030 1118.
443 2988 603 3045 unck]l
636 2989 802 3032 GoYTm
832 2991 999 3034 faciunt
1027 3007 1104 3048 pro
1135 2993 1252 3034 omni
1283 2993 1455 3035 servicio
1476 2996 1518 3036 et
1540 2997 1688 3036 cetera.
1753 2994 1949 3037 Preterea
1979 3000 2096 3040 tenet
