2386 3645
297 290 407 332 1450

1144 572 1292 616 MXG.

239 679 454 723 ORDER
513 680 636 723 FOR
695 680 826 724 THE
877 680 1211 724 CHARGING
1261 680 1339 722 OF
1390 678 1766 731 OONSTANOE,
1817 678 2053 723 WIDOW
2103 678 2181 722 OF

381 771 639 816 THOMAS
681 771 848 814 LORD
886 771 967 814 LE
1003 771 1384 823 DESPENSER,
1428 770 1606 815 WITH
1647 770 1778 813 THE
1811 770 2070 813 EXTENT
2106 770 2185 814 OF

385 863 663 906 OERTAIN
702 862 960 906 MANORS
1001 863 1073 906 IN
1114 862 1509 905 GLAMORGAN
1549 862 1684 905 AND
1726 861 2137 906 ELSEWHERE.

883 970 1022 1027 [ADD.
1054 969 1148 1012 MS.
1183 971 1325 1022 4‚569‚
1357 970 1388 1012 f.
1422 968 1544 1026 367.]

1469 1079 1494 1119 3
1526 1077 1652 1120 HEN.
1684 1077 1766 1121 IV.
1830 1078 2129 1120 1401—1402.

296 1186 482 1228 ANGHA
505 1220 513 1228 .
538 1185 745 1230 WALLIA.
807 1186 875 1228 De
907 1185 1190 1228 CONSTANTIA
1221 1199 1316 1240 quae
1348 1184 1434 1226 fuit
1464 1200 1571 1227 uxor
1601 1185 1781 1227 THOMAE
1806 1201 1944 1241 nuper
1963 1187 2128 1229 domini
2148 1187 2189 1229 le

238 1275 509 1319 DESPENSER
529 1278 745 1320 oneranda
766 1278 818 1318 de
849 1279 1023 1318 extenta
1052 1276 1314 1318 diversorum
1344 1275 1630 1318 dominiorum
1660 1276 1946 1319 maneriorum
1976 1279 2189 1321 terrarum

239 1370 281 1410 et
302 1369 643 1410 tenementorum
663 1382 759 1422 quae
780 1367 956 1409 fuerunt
975 1366 1168 1422 praedioti
1190 1366 1370 1408 THOMAE
1390 1365 1596 1418 defuncti,
1619 1366 1696 1409 viz.
1716 1382 1786 1408 2—-

298 1457 592 1510 CAVERSHAM‚
615 1457 831 1500 BORFORD
853 1460 895 1500 et
915 1457 1128 1500 SHEPTON
1150 1457 1195 1498 in
1217 1471 1321 1499 com.
1346 1456 1488 1499 OXON.

295 1548 541 1591 Manerium
561 1550 613 1591 de
631 1548 840 1591 SOBBURY
861 1552 904 1591 et
923 1549 963 1591 16
983 1549 1176 1605 burgage
1196 1549 1249 1591 de
1272 1548 1695 1591 CHEPYNGSOBBURY
1716 1549 1761 1590 in
1783 1564 1842 1592 oo.
1866 1548 2031 1592 Gmnc.

297 1639 541 1682 Manerium
562 1641 614 1682 de
636 1640 811 1682 MAGNA
832 1641 1074 1683 MERLAWE
1094 1641 1141 1683 in
1161 1655 1265 1682 eom.
1290 1640 1412 1682 ΒΗΚ.

296 1730 542 1772 Manerium
564 1731 617 1773 (16
638 1730 945 1773 PARLETHORP
966 1732 1012 1773 in
1034 1747 1138 1773 eom.
1162 1730 1277 1774 No'r.

297 1821 542 1864 Manerium
563 1823 615 1864 de
637 1822 839 1864 BAWTRE
860 1823 905 1864 in
928 1838 1032 1865 eom.
1057 1822 1197 1865 EBOR.

297 1912 543 1955 Manerium
563 1914 615 1955 de
637 1913 933 1956 WYNTERTON
954 1914 1000 1956 in
1022 1929 1127 1957 eom.
1153 1913 1286 1957 WAR.

296 2004 534 2047 GLAMORG.
597 2005 794 2048 Castrum
827 2009 870 2048 et
901 2006 1048 2048 vinam
1082 2007 1134 2048 de
1164 2005 1493 2048 LLANTRUSSAN
1525 2021 1622 2048 oum
1643 2006 1832 2048 dominio
1853 2007 1906 2048 de
1927 2005 2112 2049 MEsmN
2149 2009 2192 2050 et

242 2094 603 2139 GLYNRETHENY.

299 2186 545 2230 Manerium
579 2189 632 2230 de
673 2188 857 2231 OLONNE
900 2204 996 2231 oum
1045 2188 1288 2231 hamelettis
1329 2189 1381 2230 de
1431 2188 1826 2240 GOMBREHEYNOK‚
1854 2188 2113 2239 4ΡΕΝΤΙΒΘΗ
2156 2191 2198 2231 et

245 2276 425 2320 RADUR.

302 2367 499 2412 Castrum
521 2373 563 2412 et
581 2371 729 2412 villam
750 2372 802 2413 (16
823 2370 1053 2413 KENFEGG
1075 2387 1171 2413 oum
1193 2371 1380 2414 dominio
1402 2371 1454 2413 de
1476 2370 1732 2413 TIRYARTH.

304 2459 550 2503 Manerium
570 2462 623 2503 de
643 2461 917 2504 BOVYARTON
942 2463 1029 2517 (sie)
1055 2466 1098 2505 et
1118 2465 1231 2504 certa
1252 2465 1384 2505 terras
1405 2465 1447 2505 et
1467 2465 1712 2505 tenementa
1726 2462 1772 2504 in
1789 2461 2196 2505 GRIFFITHESMORE

247 2550 295 2592 in
317 2550 526 2594 WALLIA.

768 2609 903 2665 (Trin.
932 2610 1183 2664 Communia,
1206 2612 1231 2653 3
1254 2611 1379 2653 HEN.
1402 2610 1502 2664 IV.,
1524 2614 1603 2654 ross.
1628 2611 1667 2653 7.

309 2701 412 2730 These
427 2701 530 2739 landa,
545 2711 563 2730 a
579 2705 652 2740 part
667 2702 701 2731 of
722 2702 778 2731 the
793 2702 900 2731 dower
914 2703 947 2731 of
969 2702 1060 2741 Lady
1075 2703 1104 2732 le
1121 2703 1311 2741 Despenser,
1325 2712 1379 2732 are
1393 2712 1412 2731 a
1428 2706 1500 2740 part
1515 2703 1585 2732 aleo
1600 2703 1634 2732 of
1648 2703 1704 2732 the
1716 2703 1769 2732 old
1785 2703 1824 2732 de
1835 2703 1926 2732 Clare
1935 2705 2066 2732 estates.
2108 2702 2191 2732 clun

259 2756 287 2785 is
312 2766 330 2786 a
355 2766 467 2786 manor
481 2757 637 2795 abutting
651 2767 692 2786 on
708 2757 909 2786 Llantrisant
925 2758 987 2787 and
1003 2759 1272 2788 commemorated
1288 2758 1320 2788 in
1343 2758 1575 2796 Pont-y-Clun.
1619 2758 1870 2797 Combrekynok
1891 2759 1949 2787 has
1970 2758 2192 2796 disappeared.

309 2813 461 2842 Pentireh
483 2814 547 2842 and
569 2813 679 2852 Radyt
700 2823 753 2843 are
774 2823 847 2843 now
871 2814 1024 2852 parishes.
1067 2815 1196 2852 Kenfeg
1217 2815 1244 2843 is
1265 2824 1283 2843 a
1306 2814 1415 2853 parish
1436 2814 1562 2853 largely
1584 2814 1781 2844 encroaohed
1802 2823 1890 2852 upon
1911 2815 1955 2852 by
1978 2814 2086 2844 blown
2101 2814 2192 2852 sand,

258 2868 363 2898 Which
385 2869 443 2898 has
465 2869 642 2908 enveloped
663 2869 718 2899 the
739 2870 834 2899 small
857 2870 995 2899 remains
1018 2871 1050 2899 of
1073 2870 1128 2899 the
1151 2870 1268 2900 Castle.
1320 2870 1504 2908 Tir-y-Iar1‚
1532 2870 1588 2900 the
1609 2869 1713 2900 Earl's
1735 2870 1822 2908 land,
1844 2870 1871 2899 is
1893 2880 1911 2900 a
1932 2872 2017 2900 tract
2039 2870 2135 2899 north
2157 2870 2190 2899 of

261 2924 417 2962 Margam.
459 2925 623 2955 Boverton
638 2934 751 2955 manor
766 2926 865 2955 house
881 2926 907 2955 is
922 2936 940 2955 a
956 2926 1039 2956 ruin.
1080 2926 1238 2956 Griffiths‘
1254 2936 1343 2956 moor
1358 2927 1414 2965 lay
1430 2927 1575 2956 between
1592 2926 1703 2956 Roath
1718 2927 1782 2956 and
1797 2926 1853 2956 the
1869 2935 1931 2956 sea.
