2386 3645
350 283 462 324 1514

374 489 414 531 le
444 488 713 530 DESPENSER
745 490 787 529 et
817 486 987 528 domine
1015 483 1309 526 ELIZABETHE
1341 481 1542 524 consortis
1570 495 1642 522 sue
1670 479 1833 522 domini
1865 478 2223 521 GLAMORGANOIE

376 582 418 622 et
457 579 732 621 MORGANCIE
768 591 897 632 quam
936 575 1037 617 fecit
1076 572 1358 629 burgensibus
1392 572 1545 614 nostris
1585 571 1637 613 de
1677 569 1961 612 LANTRISSEN
1994 570 2046 612 de
2081 584 2227 612 eorum

375 669 645 713 libertatibus
664 669 710 710 in
730 668 807 710 hec
828 666 966 709 verba.

438 760 538 816 (ΙΙ.)
583 759 772 802 THOMAs
812 758 852 800 le
892 757 1159 799 DESPENSER
1208 754 1405 797 dominus
1455 752 1814 795 GLAMORGANCIE
1863 754 1907 794 et
1955 751 2229 794 MORGANCIE

375 850 571 893 omnibus
599 849 767 892 ballivis
792 849 947 890 nostris
966 847 1161 890 omnibus
1182 847 1236 888 ad
1257 860 1361 901 quos
1381 847 1594 900 presentes
1612 844 1733 886 litere
1749 843 2019 899 pervenerint
2033 844 2225 886 salutem.

374 941 591 984 Noveritis
630 955 706 982 nos
745 939 975 994 inspexisse
1016 936 1381 980 confirmacionem
1421 934 1530 977 bone
1570 933 1770 977 memorie
1805 933 1968 975 domini
2000 933 2226 976 EDWARDI

373 1033 506 1089 patris
526 1031 660 1074 nostri
680 1046 816 1087 nuper
836 1030 998 1072 domini
1019 1027 1256 1071 GLAMORG’
1272 1031 1314 1069 et
1334 1026 1488 1069 Mom'
1503 1041 1632 1082 quam
1651 1026 1752 1068 fecit
1772 1024 2054 1081 burgensibus
2074 1024 2229 1067 nostris

372 1125 424 1166 de
445 1122 730 1165 LANTRISSEN
752 1122 805 1163 de
825 1136 971 1163 eorum
990 1118 1259 1162 libertatibus
1279 1118 1324 1159 in
1344 1117 1421 1159 hec
1440 1116 1579 1159 verba.

435 1213 561 1269 (ΙΙΙ.)
595 1214 856 1255 EDWARDUS
889 1212 929 1253 le
962 1210 1230 1252 DESPENSER
1264 1207 1462 1250 dominus
1496 1206 1733 1249 GLAMORG'
1768 1209 1811 1248 et
1844 1206 1998 1248 MoRG’
2032 1206 2228 1249 omnibus

369 1304 538 1347 ballivis
572 1303 725 1346 nostris
761 1305 804 1344 et
839 1301 1035 1344 omnibus
1073 1301 1128 1341 ad
1169 1314 1273 1355 quos
1311 1300 1525 1354 presentes
1564 1297 1684 1339 litere
1723 1297 1994 1353 pervenerint
2034 1298 2225 1340 salutem.

368 1395 520 1438 Sciatis
546 1409 623 1437 nos
652 1393 885 1450 inspexisse
916 1394 1076 1434 cartam
1103 1391 1212 1433 bone
1242 1389 1445 1431 memorie
1466 1388 1629 1430 domini
1650 1386 1866 1429 Huaoms
1893 1387 1932 1428 le
1957 1386 2228 1429 DEsPENsER

369 1485 569 1528 avunculi
589 1484 722 1527 nostri
744 1483 907 1526 domini
929 1481 1167 1525 GLAMORG’
1191 1484 1234 1523 et
1253 1480 1404 1523 Mom'
1428 1494 1557 1535 quam
1577 1478 1679 1520 fecit
1698 1476 1980 1533 burgensibus
2000 1477 2154 1520 nostris
2176 1477 2230 1519 de

367 1576 652 1619 LANTRISSEN
674 1575 721 1618 in
741 1575 818 1617 hec
839 1574 979 1617 verba.

428 1667 546 1723 (IV.)
610 1667 750 1709 Hnoo
770 1667 811 1708 le
831 1665 1101 1708 DESPENSER
1121 1664 1320 1707 dominus
1341 1660 1578 1706 GLAMonG’
1601 1664 1643 1704 et
1664 1659 1817 1703 MORG’
1840 1660 2036 1702 omnibus
2055 1660 2228 1704 ballivis

366 1763 409 1802 et
428 1759 635 1802 ministris
655 1758 742 1801 suis
762 1773 810 1800 ac
830 1757 924 1800 aliis
944 1755 1140 1799 fidelibus
1160 1756 1215 1798 ad
1236 1770 1340 1810 quos
1360 1755 1574 1810 presentes
1594 1753 1714 1794 litere
1742 1751 2011 1808 pervenerint
2032 1752 2224 1795 salutem.

366 1850 517 1893 Sciatis
546 1864 623 1892 nos
643 1850 695 1891 de
726 1849 868 1905 gracia
897 1851 1041 1890 nostra
1071 1846 1242 1903 speciali
1272 1845 1516 1888 concessisse
1546 1846 1589 1886 et
1618 1843 1698 1885 hae
1727 1842 1912 1898 presenti
1942 1845 2056 1884 carta
2084 1846 2229 1886 nostra.

367 1941 631 1984 confirmasse
650 1939 814 1982 dilectis
835 1937 1119 1994 burgensibus
1144 1937 1300 1979 nostris
1330 1936 1430 1978 ville
1460 1937 1601 1977 nostre
1630 1934 1682 1976 de
1702 1934 1987 1976 LANTRISSEN
2009 1935 2124 1990 quod
2143 1934 2225 1990 ipsi

367 2035 410 2075 et
430 2047 577 2074 eorum
597 2045 850 2073 successores
870 2028 993 2071 liberi
1014 2028 1099 2071 sint
1118 2043 1194 2084 per
1213 2030 1352 2070 totum
1374 2026 1614 2069 dominium
1643 2028 1835 2067 nostrum
1865 2031 1955 2067 tam
1976 2026 2022 2068 in
2042 2026 2226 2068 ANGLIA

367 2137 495 2178 quam
515 2123 561 2163 in
583 2121 779 2164 WALmA
801 2125 843 2163 et
864 2121 1029 2162 easdem
1050 2119 1268 2162 libertates
1289 2117 1475 2161 habeant
1496 2117 1604 2159 sicut
1633 2116 1787 2159 habere
1817 2116 2008 2159 solebant
2038 2120 2232 2173 tempore>

366 2215 676 2255 antecessorum
709 2214 950 2253 nostrorum
983 2213 1025 2252 et
1060 2210 1167 2253 sicut
1201 2208 1433 2265 burgenses
1469 2207 1604 2251 nostri
1636 2208 1689 2250 de
1721 2206 1945 2249 KERDYFF
1980 2207 2141 2250 habent
2175 2223 2228 2250 ex

367 2303 630 2345 concessione
659 2304 802 2344 nostra
832 2302 893 2344 ita
923 2302 1037 2357 quod
1066 2300 1147 2357 ipsi
1187 2299 1310 2342 liberi
1346 2299 1432 2342 sint
1472 2314 1568 2341 cum
1606 2299 1913 2341 marchandisis
1952 2299 1998 2341 in
2038 2299 2227 2343 dominio

366 2396 509 2436 nostro
540 2393 729 2449 predicto
760 2395 803 2435 et
832 2392 934 2434 alibi
965 2408 1012 2434 ac
1042 2392 1175 2434 eciam
1205 2391 1318 2447 quod
1350 2391 1402 2432 de
1433 2389 1630 2432 omnibus
1660 2389 1783 2432 bonis
1813 2392 1857 2432 et
1888 2390 2013 2433 rebus
2033 2390 2119 2432 suis
2138 2393 2229 2433 tam

367 2484 562 2527 videlicet
583 2484 884 2526 merchandisis
905 2498 1034 2539 quam
1047 2483 1142 2525 aliis
1157 2482 1292 2538 quieti
1312 2484 1355 2524 et
1369 2480 1493 2523 liberi
1514 2481 1597 2522 sint
1614 2481 1928 2536 imperpetuum
1945 2481 1997 2522 de
2012 2480 2232 2524 theolonio

366 2575 562 2631 muragio
582 2575 785 2631 pontagio
807 2575 988 2630 pavagio
1009 2574 1175 2630 picagio
1189 2576 1232 2615 et
1250 2572 1436 2628 kayagio
1452 2586 1616 2613 necnon
1632 2572 1684 2613 de
1705 2570 1901 2614 omnibus
1916 2571 2011 2614 aliis
2027 2572 2230 2614 custumis

366 2668 410 2708 et
430 2664 804 2707 consuetudinibus
828 2665 943 2707 infra
973 2664 1211 2707 dominium
1241 2665 1434 2706 nostrum
1462 2662 1713 2718 predictum.
1777 2661 2066 2704 Concessimus
2096 2662 2229 2705 eciam

367 2757 481 2812 quod
509 2755 744 2812 burgenses
776 2756 907 2799 nostri
937 2756 1116 2812 predicti
1147 2759 1189 2798 et
1220 2768 1471 2797 successores
1501 2753 1566 2795 sm·
1585 2751 1717 2795 libere
1737 2752 1880 2808 legare
1901 2753 2063 2808 possint
2084 2753 2228 2795 omnia

367 2847 579 2904 burgagia
619 2862 696 2889 sua
733 2862 809 2903 per
848 2847 959 2903 ipsos
999 2846 1213 2902 adquisita
1247 2848 1337 2887 tam
1372 2845 1424 2887 de
1457 2843 1712 2886 tenementis
1748 2858 1876 2898 quam
1909 2844 1961 2885 de
1994 2843 2235 2886 redditibus

367 2939 602 2994 cuicunque
633 2941 675 2980 et
696 2938 1016 2994 quibuscunque
1038 2938 1093 2980 ad
1112 2938 1378 2980 voluntatem
1399 2950 1545 2978 eorum
1573 2933 1798 2976 voluerint.
1860 2933 1920 2976 Et
1947 2934 2061 2989 quod
2091 2933 2230 2976 eidem

365 3029 598 3086 burgenses
628 3030 762 3072 nostri
792 3029 993 3085 distringi
1022 3044 1109 3072 non
1139 3027 1323 3071 debeant
1353 3026 1468 3070 exire
1498 3025 1696 3080 antiquas
1725 3023 1941 3067 libertates
1967 3023 2066 3067 ville
2086 3027 2232 3068 nostre
