2386 3645
1925 295 2036 336 1487

152 501 298 557 aliqua
327 501 502 544 ffelonia
537 499 653 543 infra
694 499 910 541 libertates
945 498 1073 554 burgi
1107 498 1241 541 nostri
1268 499 1446 554 predicti
1481 504 1723 555 emergente
1757 516 1837 556 que
1870 501 1916 543 in
1947 503 2093 544 ecdem

153 593 357 635 comitatu
378 595 520 635 nostro
541 591 665 634 debet
685 590 806 632 triari
826 592 870 631 et
889 589 1109 631 terminari
1130 590 1243 644 quod
1268 589 1398 631 iidem
1419 589 1648 645 burgenses
1679 606 1823 632 eorum
1849 592 2021 634 heredes
2051 597 2093 633 et

153 697 403 726 successores
425 685 466 724 et
487 697 631 724 eorum
653 679 833 737 quilibet
852 680 954 721 inde
974 694 1049 735 per
1067 679 1299 735 burgenses
1319 679 1447 735 burgi
1468 679 1601 722 nostri
1619 681 1798 736 predicti
1830 685 1872 723 et
1904 697 1989 724 non
2020 697 2096 737 per

153 774 380 816 forinsecos
401 773 625 816 comitatus
644 771 765 814 triari
785 774 827 814 et
847 771 1067 813 terminari
1087 772 1249 827 possint
1270 771 1336 813 vel
1356 771 1487 826 possit
1507 772 1561 813 ad
1577 771 1763 826 primum
1783 772 1851 814 vel
1866 774 2096 815 secundum

155 865 405 907 comitatum
448 863 806 906 GLAMORGANCIE
847 864 1072 917 postquam
1112 861 1223 917 ipsos
1262 862 1330 903 vel
1379 877 1525 904 eorum
1574 861 1760 917 aliquem
1811 862 1867 904 sic
1917 863 2100 905 accusari

154 955 223 998 vel
245 954 470 997 attachiari
491 953 728 1009 contigerit.
791 953 1081 995 Ooncessimus
1102 952 1231 995 etiam
1251 952 1428 1008 prefatis
1457 952 1740 1008 burgensibus
1770 953 1924 995 nostris
1954 969 2098 996 eorum

154 1045 380 1088 heredibus
413 1048 454 1087 et
485 1044 788 1087 successoribus
816 1043 931 1086 infra
970 1043 1156 1099 burgum
1185 1046 1378 1086 nostrum
1409 1043 1648 1099 predictum
1676 1044 1958 1086 residentibus
1988 1047 2099 1100 quod

155 1137 191 1179 si
210 1137 292 1192 ipsi
312 1139 386 1178 aut
407 1150 553 1178 eorum
582 1135 736 1190 aliquis
765 1137 981 1190 ponantur
1009 1134 1077 1176 vel
1107 1137 1290 1188 ponatur
1319 1134 1366 1176 in
1393 1149 1586 1190 processu
1612 1138 1784 1190 propter
1810 1135 2028 1177 ffeloniam
2055 1136 2101 1177 in

156 1227 300 1282 aliqua
331 1227 448 1269 curia
478 1227 690 1268 curiarum
729 1228 970 1267 nostrarum
1009 1225 1295 1267 membrorum
1325 1225 1504 1268 dominii
1543 1227 1677 1268 nostri
1719 1225 2018 1268 GLAMORGAN'
2061 1229 2103 1268 et

155 1317 371 1360 MORGAN’
395 1319 509 1373 quod
528 1317 610 1374 ipsi
640 1316 872 1373 burgenses
907 1331 1053 1358 eorum
1087 1316 1261 1358 heredes
1294 1319 1336 1359 et
1371 1332 1622 1359 successores
1663 1321 1706 1359 et
1740 1333 1885 1359 eorum
1925 1317 2103 1372 quilibet

154 1412 202 1452 in
232 1410 437 1452 comitatu
467 1413 611 1451 nostro
643 1407 930 1451 GLAMORGAN
962 1408 1051 1463 peti
1082 1411 1125 1450 et
1154 1408 1312 1450 ibidem
1341 1423 1416 1464 per
1446 1423 1518 1450 sex
1548 1408 1779 1464 burgenses
1810 1408 1937 1464 burgi
1967 1409 2101 1450 nostri

157 1501 336 1556 predicti
366 1503 410 1542 et
438 1515 514 1556 per
545 1515 617 1542 sex
647 1500 699 1541 de
730 1499 910 1541 visineto
941 1499 1121 1541 dominii
1151 1499 1284 1541 nostri
1304 1499 1482 1554 predicti
1497 1499 1618 1541 triari
1639 1503 1680 1541 et
1700 1500 1923 1541 terminari
1944 1499 2105 1554 possint

155 1591 224 1634 vel
243 1591 375 1647 possit
395 1591 553 1633 futuris
573 1589 835 1645 temporibus
856 1589 1084 1632 duraturis.
1146 1589 1218 1631 Ita
1238 1591 1352 1645 quod
1372 1590 1452 1646 ipsi
1474 1590 1541 1632 vel
1561 1605 1707 1632 eorum
1728 1590 1883 1645 aliquis
1897 1590 1943 1631 in
1960 1590 2104 1644 aliqua

156 1682 271 1724 curia
311 1682 524 1724 curiarum
563 1684 804 1724 nostrarum
854 1681 1140 1737 predictarum
1185 1696 1281 1723 cum
1326 1696 1584 1736 manuopere
1631 1696 1717 1723 non
1758 1681 1981 1736 capiantur
2029 1695 2107 1723 nec

159 1773 363 1829 capiatur.

218 1864 509 1906 Concessimus
563 1863 737 1919 insuper
791 1866 834 1905 et
886 1863 1176 1905 ordinavimus
1226 1866 1268 1905 et
1317 1878 1391 1918 per
1439 1865 1652 1918 presentes
1701 1863 1946 1905 ordinamus
1995 1863 2108 1917 quod

158 1955 495 1997 constabularius
530 1958 672 1997 noster
705 1956 757 1996 de
779 1954 1023 1997 KAERDIFF
1046 1955 1119 2009 qui
1140 1970 1214 2009 pro
1236 1960 1423 2009 tempore
1444 1954 1574 1995 fuerit
1597 1953 1651 1995 sit
1670 1954 1809 2009 major
1829 1953 1956 2009 burgi
1977 1954 2109 1996 nostri

159 2046 338 2102 predicti
373 2049 500 2102 prout
536 2045 774 2101 antiquitus
809 2046 899 2087 fieri
935 2046 1163 2087 consuevit.
1225 2045 1286 2087 Et
1321 2046 1372 2087 de
1407 2045 1689 2101 burgensibus
1723 2045 1877 2087 nostris
1911 2045 2110 2100 predictis

163 2136 380 2193 eligantur
400 2136 623 2178 duodecim
654 2136 886 2192 burgenses
916 2137 968 2178 de
1001 2137 1138 2192 magis
1170 2136 1472 2178 sufficientibus
1503 2139 1546 2178 et
1575 2135 1887 2178 discretioribus
1917 2135 2110 2191 ejusdem

161 2227 289 2283 burgi
325 2227 399 2282 qui
438 2242 580 2269 coram
611 2227 734 2269 nobis
767 2230 957 2282 prestent
991 2230 1298 2269 sacramentum
1337 2227 1391 2268 ad
1423 2226 1609 2282 burgum
1644 2230 1838 2268 nostrum
1871 2226 2109 2282 predictum

161 2318 268 2361 bene
289 2321 332 2361 et
352 2318 533 2360 fideliter
549 2318 890 2374 gubernandum.
953 2318 1012 2360 Et
1038 2320 1151 2373 quod
1175 2319 1305 2360 iidem
1333 2318 1555 2360 duodecim
1575 2318 1806 2374 burgenses
1833 2319 2109 2373 imposterum

162 2409 438 2452 nominentur
479 2409 745 2451 aldermanni
783 2409 911 2466 burgi
951 2410 1084 2451 nostri
1123 2409 1314 2465 predicti.
1395 2410 1456 2452 Et
1499 2410 1614 2465 quod
1663 2411 1719 2451 ad
1766 2409 1925 2452 festum
1966 2408 2110 2451 Sancti

165 2500 426 2542 MICHAELIS
461 2499 708 2555 archangeli
743 2500 934 2555 proxime
980 2500 1176 2542 futurum
1211 2503 1253 2542 et
1293 2499 1483 2555 quolibet
1516 2515 1628 2542 anno
1664 2500 1940 2555 imposterum
1980 2501 2109 2541 iidem

160 2591 339 2646 predicti
375 2591 641 2632 aldermanni
672 2595 715 2632 et
753 2590 981 2646 burgenses
1006 2591 1139 2633 nostri
1170 2591 1350 2646 predicti
1385 2591 1549 2647 eligant
1585 2592 1638 2633 de
1673 2591 1796 2633 dictis
1827 2591 2110 2646 burgensibus

160 2681 314 2723 nostris
345 2683 527 2735 quatuor
556 2679 750 2722 homines
780 2681 832 2722 de
864 2679 1168 2722 sufficientibus
1199 2681 1272 2736 qui
1293 2685 1495 2735 perantea
1526 2681 1788 2723 vocabuntur
1813 2683 2026 2736 portreves
2057 2681 2110 2722 de

164 2771 318 2827 quibus
339 2770 673 2814 constabularius
693 2774 835 2813 noster
856 2771 907 2812 de
928 2770 1171 2813 KAERDIFF
1192 2772 1324 2827 eligat
1344 2772 1449 2813 duos
1479 2772 1651 2814 nomine
1681 2776 1823 2813 nostro
1854 2771 1927 2826 qui
1957 2771 2110 2826 impos-

163 2867 304 2904 terum
324 2861 534 2903 nominati
555 2864 681 2902 erunt
701 2860 849 2903 ballivi
869 2860 998 2917 burgi
1017 2862 1152 2904 nostri
1172 2862 1362 2917 predicti.
1424 2861 1485 2904 Et
1514 2863 1627 2917 quod
1655 2861 1819 2916 eligant
1846 2861 1975 2902 etiam
2008 2862 2112 2903 duos

164 2953 391 2995 servientes
422 2967 518 2994 cum
547 2951 709 2994 baculis
739 2951 896 2994 vocatis
925 2967 1060 2994 mases
1087 2953 1140 2994 de
1165 2953 1295 2994 armis
1324 2953 1478 2995 nostris
1507 2955 1724 3008 portantes
1745 2952 1819 3006 qui
1839 2953 2114 3006 imposterum

167 3043 376 3086 nominati
398 3046 524 3085 erunt
545 3045 772 3098 sergentes.
834 3042 895 3084 Et
916 3044 1029 3097 quod
1049 3042 1153 3085 dicti
1172 3042 1321 3085 ballivi
1341 3047 1384 3085 et
1405 3043 1634 3085 servientes
1659 3046 1972 3085 sacramentum
1992 3057 2116 3084 suum
