2386 3645
292 282 404 324 1474

232 491 391 531 vestras
411 491 604 544 patentes
624 489 787 531 litteras
807 491 882 531 aut
899 488 1231 530 instrumentum
1261 486 1479 542 publicum
1500 486 1652 528 harum
1672 486 1911 528 litterarum
1931 489 2173 528 nostrarum

233 579 383 621 seriem
417 595 490 621 seu
521 579 860 635 designationem
895 579 941 620 in
974 594 1015 621 se
1048 578 1335 620 continentem
1364 592 1437 619 seu
1468 577 1687 619 continens
1707 576 1890 618 remissis
1909 576 2172 632 presentibus

230 669 413 711 fideliter
432 669 631 711 intimare
652 669 817 711 curetis.
879 668 1204 710 Absolutionem
1225 682 1323 709 vero
1340 668 1531 709 omnium
1552 670 1595 708 et
1615 666 1882 722 singulorum
1897 667 1970 722 qui
1985 667 2172 722 prefatas

229 762 393 802 nostras
412 760 643 803 sententias
663 763 738 802 aut
758 774 904 801 earum
924 759 1111 813 aliquam
1131 757 1407 800 incurrerrint
1420 773 1493 800 seu
1507 758 1732 800 incurrerit
1744 757 2038 813 quoquomodo
2051 756 2173 800 nobis

228 850 296 892 vel
316 849 520 905 superiori
539 853 681 893 nostro
702 849 999 891 tantummodo
1019 863 1291 891 reservamus.
1353 847 1409 890 In
1431 863 1610 904 quorum
1631 848 1822 891 omnium
1842 851 1884 890 et
1904 848 2172 904 singulorum

228 940 358 983 fidem
398 944 440 984 et
479 941 771 984 testimonium
810 940 1109 996 premissorum
1150 942 1363 994 presentes
1402 939 1566 981 litteras
1614 954 1687 981 seu
1735 953 1905 995 presens
1953 937 2172 994 publicum

228 1031 561 1074 instrumentum
600 1030 847 1087 hujusmodi
886 1033 1074 1072 nostram
1113 1029 1357 1072 citationem
1396 1030 1442 1071 in
1468 1044 1510 1071 se
1538 1029 1826 1072 continentem
1851 1044 1924 1071 seu
1951 1029 2170 1072 continens

227 1123 380 1165 exinde
410 1123 501 1165 fieri
531 1125 574 1165 et
602 1137 678 1178 per
707 1122 981 1164 DOMINICUM
1023 1121 1238 1163 notarium
1277 1120 1496 1175 publicum
1536 1124 1812 1176 nostrumque
1843 1123 1884 1162 et
1922 1119 2171 1176 hujusmodi

226 1216 413 1255 nostram
436 1228 557 1255 cause
577 1227 717 1255 coram
737 1212 858 1254 nobis
879 1211 1056 1253 scribam
1086 1210 1405 1265 infrascriptum
1425 1210 1628 1253 subscribi
1653 1213 1695 1252 et
1714 1210 1921 1266 publicari
1950 1211 2170 1253 mandavi-

225 1319 321 1346 mus
340 1319 388 1346 ac
408 1303 540 1360 sigilli
559 1302 811 1345 venerabilis
832 1304 873 1344 et
894 1301 1183 1356 circumspecti
1203 1301 1283 1343 viri
1304 1300 1467 1342 domini
1493 1300 1523 1343 J
1526 1315 1725 1342 OHANNIS
1755 1302 1808 1343 de
1838 1300 2097 1343 THOMARIIS
2117 1302 2171 1343 de

225 1394 437 1436 ΒοΝοΝΙΑ
451 1395 714 1436 decretorum
735 1392 915 1435 doctoris
936 1391 1190 1434 coauditoris
1210 1391 1344 1433 nostri
1365 1405 1448 1446 quo
1470 1394 1657 1433 carentes
1677 1393 1820 1432 nostro
1840 1391 2009 1446 proprio
2030 1391 2170 1448 sigillo

224 1486 279 1527 ad
299 1499 470 1540 presens
491 1484 654 1526 utimur
673 1484 850 1526 fecimus
871 1482 1128 1538 appensione
1149 1482 1320 1524 muniri.
1756 1470 1758 1473 ⁵

284 1574 447 1617 Datum
468 1578 511 1616 et
531 1578 673 1616 actum
704 1573 838 1616 Rom:
859 1573 905 1614 in
927 1574 1051 1614 domo
1072 1571 1352 1614 habitacionis
1372 1572 1505 1614 nostri
1527 1572 1607 1614 sita
1626 1572 1673 1613 in
1693 1572 1858 1628 rigione
1879 1571 2074 1615 Parionis
2094 1572 2171 1615 sub

222 1680 333 1708 anno
365 1681 389 1707 a
418 1665 658 1708 Nativitate
672 1664 849 1707 Domini
869 1664 1094 1706 millesimo
1111 1663 1531 1719 quadringentesimo
1547 1663 1672 1705 tertio
1693 1664 1855 1705 decimo
1877 1663 2085 1705 inditione
2107 1678 2167 1705 VI.

223 1756 291 1798 die
310 1755 491 1799 Veneris
510 1755 708 1797 vicesima
729 1758 880 1810 quarta
901 1753 1056 1795 mensis
1076 1753 1227 1795 Martii
1247 1753 1351 1796 hora
1371 1768 1641 1809 vesperorum
1662 1753 1730 1794 vel
1751 1753 1870 1809 quasi
1892 1753 2172 1796 Pontificatus

223 1846 473 1888 sanctissimi
513 1846 559 1887 in
595 1845 791 1888 Offlusro
832 1845 964 1900 patris
1003 1848 1045 1886 et
1085 1844 1248 1886 domini
1278 1844 1412 1887 nostri
1444 1843 1607 1885 domini
1633 1843 1663 1886 J
1666 1857 1865 1885 OHANNIS
1892 1843 2009 1899 Pape
2037 1859 2169 1886 XXIII.

223 1937 401 1993 predicti
441 1952 553 1978 anno
592 1936 731 1978 tertio.
793 1935 1067 1977 Presentibus
1109 1934 1270 1977 ibidem
1319 1935 1509 1977 discretis
1558 1934 1659 1977 viris
1707 1934 1911 1991 magistro
1951 1934 1981 1978 J
1983 1950 2170 1977 oHANNE

222 2027 405 2070 HESSEN
445 2029 498 2070 de
531 2026 714 2070 WEUER
754 2026 918 2068 notario
958 2026 1127 2081 publico
1168 2025 1386 2081 scribaque
1425 2028 1568 2068 nostro
1610 2029 1652 2067 et
1689 2024 1735 2067 N
1738 2039 1890 2067 IconAo
1927 2025 2169 2068 VFHAOLCZ

225 2118 383 2160 clericis
423 2118 751 2160 PATEBRIENSIS
792 2122 833 2159 et
874 2117 1158 2159 BASILIENsIs
1200 2116 1405 2159 DIOOESIs
1445 2116 1624 2158 testibus
1664 2117 1719 2158 ad
1760 2117 1966 2172 premissa
2014 2117 2174 2159 notatis

226 2209 462 2265 specialiter
482 2213 524 2250 et
544 2208 717 2264 rogatis.
779 2207 835 2249 In
855 2207 1092 2263 penultima
1121 2208 1234 2250 linea
1254 2207 1328 2250 ubi
1348 2207 1508 2264 legitur
1528 2207 1698 2262 publico
1720 2207 1937 2263 scribaque
1958 2211 2100 2250 nostro
2131 2211 2174 2251 et

226 2303 371 2357 postea
405 2299 596 2355 sequitur
629 2302 671 2341 et
711 2298 913 2341 NICOLAo
948 2301 1025 2340 etc.
1059 2301 1268 2341 cassatum
1298 2304 1341 2341 et
1372 2301 1604 2341 correctum
1628 2298 1714 2341 fuit
1749 2314 1824 2354 per
1855 2314 1924 2341 me
1959 2299 2173 2341 notarium

228 2390 560 2446 infrascriptum.

285 2482 347 2524 Et
386 2496 465 2537 ego
506 2480 760 2523 DOMINICUS
801 2480 984 2523 THEULI
1026 2480 1251 2523 canonicus
1300 2480 1671 2523 BENEVENTANUS
1712 2480 1907 2535 publicus
1946 2481 2175 2537 apostolica

229 2572 479 2616 auctoritate
511 2571 702 2614 notarius
736 2571 922 2628 dictique
958 2571 1211 2613 venerabilis
1250 2574 1293 2614 et
1333 2571 1621 2627 circumspecti
1657 2571 1739 2613 viri
1779 2571 1942 2614 domini
1982 2571 2175 2614 NICOLAI

228 2663 432 2706 auditoris
467 2666 509 2705 et
541 2677 663 2704 cause
698 2662 947 2718 hujusmodi
982 2677 1122 2704 coram
1155 2677 1202 2704 eo
1233 2661 1368 2705 scriba
1399 2695 1408 2704 .
1442 2662 1556 2708 Quia
1587 2662 1698 2704 dicte
1729 2663 1942 2705 citationis
1973 2663 2173 2719 petitioni

229 2755 406 2811 ejusque
446 2755 613 2796 decreto
653 2768 700 2796 ac
740 2753 936 2796 omnibus
972 2753 1066 2795 aliis
1097 2753 1309 2809 premissis
1341 2754 1445 2796 dum
1480 2753 1538 2795 sic
1573 2756 1621 2795 ut
1653 2753 1916 2808 premittitur
1948 2757 2182 2809 agerentur>

230 2850 272 2889 et
312 2847 514 2888 fierentur
553 2859 738 2887 unacum
778 2844 1083 2900 prenominatis
1122 2843 1301 2886 testibus
1340 2858 1510 2899 presens
1551 2843 1730 2886 interfui
1771 2859 1904 2899 eaque
1943 2845 2086 2886 omnia
2136 2847 2179 2887 et

230 2937 400 2993 singula
448 2936 506 2978 sic
554 2935 646 2978 fieri
695 2935 784 2977 vidi
833 2938 876 2978 et
925 2935 1071 2977 audivi
1104 2967 1115 2978 .
1146 2934 1334 2991 Ideoque
1374 2950 1544 2991 presens
1584 2935 1802 2991 publicum
1842 2936 2176 2978 instrumentum

231 3027 401 3084 propria
436 3041 568 3069 manu
603 3025 806 3081 scriptum
837 3026 890 3068 de
909 3027 1112 3068 mandato
1143 3026 1246 3068 dicti
1275 3025 1438 3068 domini
1468 3025 1673 3068 auditoris
1704 3025 1858 3068 exinde
1888 3025 2050 3068 confeci
2079 3025 2180 3068 sub-
