2386 3645
1899 306 2008 347 1463

126 513 319 557 WILLIM
349 514 554 557 VAGHAN
586 512 815 569 capellanis
844 515 888 555 et
917 512 946 555 J
948 525 1125 554 OHANNI
1167 511 1356 554 THoMAs
1389 511 1614 554 heredibus
1649 512 1733 554 suis
1768 515 1809 554 et
1844 511 2068 568 assignatis

126 607 274 647 contra
286 619 430 647 omnes
443 607 593 661 gentes
606 604 922 659 imperpetuum
942 602 1323 645 warantizabimus.
1384 601 1441 644 In
1454 602 1576 658 cujus
1590 603 1652 644 rei
1665 603 1955 645 testimonium
1970 602 2069 645 huic

126 696 312 751 presenti
343 698 455 739 carte
475 710 567 737 mee
597 694 790 750 sigillum
819 708 964 735 meum
990 693 1179 749 apposui.
1256 692 1359 735 Hiis
1392 692 1572 735 testibus
1604 727 1612 735 .
1646 692 1876 735 GILBERTO
1911 693 2066 735 DENYs

124 786 262 828 milite
285 820 293 829 .
316 786 347 829 J
349 800 536 828 οΗΑΝΝΕ
557 786 597 827 10
617 784 720 827 Em
739 784 909 840 juniore
932 816 941 825 .
963 783 993 827 J
995 797 1183 825 OHANNE
1203 782 1457 825 BONEVILL'
1482 817 1491 825 .
1515 786 1556 825 et
1578 783 1683 825 aliis.

185 876 350 919 Datum
371 877 486 932 apud
507 875 700 919 COYTIFF
722 875 859 931 primo
880 873 949 916 die
966 873 1160 917 Octobris
1175 888 1287 916 anno
1302 873 1426 929 regni
1439 873 1574 930 Regis
1593 873 1798 915 HENRICI
1819 873 1959 928 quarti
1979 876 2073 929 post

128 969 406 1023 conquestum
425 966 730 1010 terciodecimo.

187 1056 286 1100 Seal
305 1057 512 1113 wanting.

1018 1394 1198 1438 MCIII.

132 1503 412 1547 LETTERS
454 1503 533 1545 OF
573 1501 917 1545 ATTORNEY
958 1501 1046 1545 BY
1085 1501 1187 1545 SIR
1234 1501 1579 1544 LAURENGE
1621 1500 2076 1544 BERKEROLLES

279 1594 355 1637 TO
376 1595 406 1638 J
409 1594 545 1637 OHN
586 1592 982 1646 STRADLYNG,
1023 1592 1101 1636 ΤΟ
1143 1592 1296 1637 GIVE
1337 1592 1549 1636 SEIZIN
1589 1592 1667 1635 OF
1716 1591 2079 1635 LAURENOE-

279 1685 456 1728 LAND
507 1685 581 1728 IN
631 1684 850 1728 GOYTY.

992 1774 1067 1832 [Gr.
1092 1774 1144 1818 Gr.
1168 1774 1243 1832 F]

1307 1867 1328 1908 1
1363 1865 1463 1909 ΟοΤ.
1527 1866 1579 1907 13
1602 1865 1727 1908 ΗΕΝ.
1751 1864 1832 1908 IV.
1896 1865 2021 1907 1411.

193 1958 407 2002 Noverint
419 1958 607 2001 universi
613 1973 690 2014 per
701 1961 916 2014 presentes
927 1972 994 1999 me
1008 1956 1317 2000 LAURENCIUM
1326 1957 1657 1999 BERKEROLLES
1670 1955 1851 1997 militem
1859 1955 2081 1998 dominum

140 2051 193 2093 de
215 2049 418 2093 COYTYFF
442 2050 656 2092 ordinasse
677 2050 941 2092 constituisse
957 2049 1104 2091 fecisse
1118 2052 1161 2091 et
1175 2049 1221 2090 in
1237 2048 1328 2090 1000
1347 2062 1442 2090 meo
1457 2047 1644 2104 posuisse
1664 2047 1867 2089 dilectum
1886 2046 2016 2089 michi
2038 2047 2083 2088 in

134 2141 332 2184 Onms'ro
346 2141 376 2184 J
378 2155 603 2183 OHANNEM
619 2140 920 2183 STRADELYNG
936 2155 1080 2182 meum
1092 2155 1242 2182 verum
1257 2142 1300 2181 et
1315 2139 1484 2181 fidelem
1499 2140 1762 2181 attor-natum
1775 2138 1830 2180 ad
1845 2137 2080 2180 deliberan-

141 2233 245 2275 dum
274 2233 446 2289 plenam
477 2235 519 2274 et
549 2232 767 2288 pacificam
798 2231 996 2274 seisinam
1026 2230 1056 2273 J
1057 2245 1234 2273 OHANNI
1269 2229 1470 2272 MACHON
1506 2264 1514 2272 .
1547 2229 1578 2272 J
1579 2243 1756 2271 OHANNI
1792 2243 1846 2284 ap
1881 2228 2082 2272 WILLYM

134 2323 332 2368 VECHAN
356 2357 364 2365 .
388 2323 618 2379 capellanis
641 2356 650 2365 .
673 2326 715 2365 et
735 2322 765 2365 J
768 2337 946 2365 OHANNI
963 2321 1153 2364 THOMAs
1169 2322 1222 2363 de
1245 2320 1448 2363 GOYTYFF
1472 2321 1525 2362 de
1545 2319 1741 2363 omnibus
1761 2319 1884 2362 terris
1904 2322 1946 2362 et
1966 2322 2081 2361 tene-

135 2414 292 2457 mentis
311 2414 445 2470 pratis
465 2413 599 2456 boscis
618 2413 802 2470 pasturis
824 2416 867 2456 et
886 2413 1016 2455 vastis
1036 2428 1133 2455 cum
1163 2412 1432 2468 pertinentiis
1462 2411 1620 2454 vocatis
1648 2410 2080 2453 LAWRENCEYSLOND

136 2521 219 2562 que
239 2506 456 2561 quondam
476 2505 680 2561 magister
701 2503 995 2547 LAURENCIUS
1017 2504 1068 2545 de
1090 2503 1416 2546 TURBERVILLE
1447 2502 1588 2545 tenuit
1616 2502 1732 2545 infra
1762 2502 1999 2544 dominium
2030 2502 2082 2543 de

137 2597 331 2641 COYTIFF
365 2602 491 2652 prout
530 2597 576 2639 in
609 2597 794 2652 quadam
827 2599 942 2638 carta
971 2596 1072 2638 inde
1102 2595 1160 2638 eis
1190 2595 1381 2638 confecta
1407 2595 1575 2650 plenius
1606 2595 1846 2637 continetur
1877 2628 1885 2636 .
1919 2593 2082 2636 Ratum

136 2688 386 2732 habiturum
407 2690 450 2730 et
470 2691 642 2744 gratum
664 2687 867 2742 quicquid
886 2687 1000 2729 idem
1021 2686 1051 2729 J
1054 2700 1262 2728 OHANNES
1289 2685 1591 2728 STRADELYNG
1611 2685 1783 2727 nomine
1812 2700 1905 2727 meo
1935 2684 2084 2727 fecerit

137 2779 184 2822 in
200 2779 424 2836 premissis.
487 2778 543 2820 In
564 2778 688 2834 cujus
706 2778 768 2820 rei
788 2777 1080 2820 testimonium
1099 2776 1365 2833 presentibus
1385 2776 1574 2833 sigillum
1595 2791 1738 2818 meum
1759 2775 1947 2831 apposui.

193 2870 360 2913 Datum
381 2870 495 2925 apud
516 2868 721 2911 COYTYFF
752 2868 890 2924 primo
921 2868 989 2910 die
1021 2867 1216 2910 Octobris
1246 2882 1358 2910 anno
1388 2867 1511 2923 regni
1541 2867 1675 2923 Regis
1704 2866 1909 2908 HENRICI
1940 2866 2082 2922 quarti

137 2963 233 3017 post
253 2963 530 3016 conquestum
551 2958 858 3001 terciodecimo.

196 3050 334 3094 Label
353 3051 439 3092 and
460 3050 546 3093 seal
567 3064 690 3106 gone.
728 3108 730 3110 Υ
