2386 3645
322 289 433 332 1212

261 498 303 539 et
322 496 432 539 vasti
453 510 549 538 cum
569 493 837 551 pertinentiis
857 493 904 536 in
924 492 1112 536 dominio
1133 493 1186 534 de
1207 491 1391 534 KELvm
1411 497 1675 533 mensuratas
1703 505 1778 545 per
1798 490 1964 546 virgam
1985 489 2206 532 MORGANI

260 586 449 644 jacentes
467 586 580 629 inter
599 588 756 628 terram
781 583 1003 627 HOWELL'
1033 598 1087 639 ap
1114 582 1302 625 Mmsmc
1332 581 1467 626 WAR'
1499 581 1545 623 in
1572 583 1692 637 parte
1723 580 1920 623 orientali
1949 584 1992 623 et
2021 580 2207 623 rivulum

262 677 338 734 qui
357 680 531 720 vocatur
552 675 822 718 KERUAZTH'
843 675 889 717 in
910 676 1029 730 parte
1051 673 1312 724 occidentali,
1335 675 1378 715 et
1398 675 1555 714 terram
1576 671 1743 713 ΤΗΟΜΕ
1765 686 1817 727 ap
1838 671 2001 714 EYNON
2022 671 2067 714 in
2088 674 2209 727 parte

260 769 449 821 australi,
489 771 533 811 et
571 771 728 810 terram
768 766 871 808 dicti
911 765 1073 808 domini
1121 764 1326 806 Romam
1376 761 1620 804 PEREsm’1
1668 777 1749 817 que
1798 761 1883 804 fuit
1928 761 2113 803 LAwEL’
2155 776 2209 817 ap

259 859 430 903 Pmmp
465 859 510 901 in
545 860 666 914 parte
700 857 863 900 boriali.
945 855 1211 898 Habendum
1242 857 1283 896 et
1316 854 1550 895 tenendum
1582 852 1745 894 dictum
1777 851 2064 908 messuagium
2093 857 2136 894 et
2161 866 2203 894 x.

260 965 376 993 acras
395 953 506 992 terre
534 964 630 992 cum
652 947 848 991 omnibus
875 947 960 989 suis
992 945 1264 1002 pertinenciis
1293 947 1335 986 et
1364 942 1635 986 incrementis
1666 941 1781 984 infra
1804 944 1939 984 metas
1971 943 2015 984 et
2040 941 2205 984 bundas

257 1040 520 1097 supradictas
547 1040 659 1082 dicto
695 1038 868 1081 domino
909 1037 1121 1079 Ronnmo
1152 1034 1377 1077 heredibus
1418 1033 1503 1076 suis
1537 1033 1605 1075 vel
1639 1032 1867 1088 assignatis
1900 1031 2031 1074 libere
2065 1032 2206 1088 quiete

256 1130 364 1174 bene
386 1135 428 1173 et
449 1131 495 1173 in
515 1144 617 1186 pace
637 1145 651 1185 J
659 1144 733 1171 ure
754 1127 1009 1171 hereditario
1030 1126 1345 1181 imperpetuum
1365 1124 1418 1166 de
1449 1123 1621 1179 capitali
1651 1122 1823 1165 domino
1853 1121 1969 1164 feodi
1998 1122 2114 1165 illius
2133 1137 2207 1178 per

256 1221 448 1265 redditus
469 1223 512 1263 et
533 1220 708 1263 servicia
727 1219 827 1261 inde
849 1217 993 1260 debita
1013 1219 1055 1259 et
1076 1217 1128 1258 de
1153 1215 1249 1272 jure
1275 1217 1473 1258 consueta
1495 1248 1502 1256 .
1526 1228 1602 1270 pro
1629 1214 1814 1269 quadam
1841 1228 2006 1256 summa
2030 1214 2208 1269 pecunie

255 1312 385 1355 michi
413 1327 487 1368 pre
518 1311 715 1354 manibus
744 1309 965 1366 per-solute.
1040 1307 1100 1350 Et
1132 1321 1212 1363 ego
1246 1321 1343 1348 vero
1379 1305 1618 1348 antedictus
1653 1304 1682 1348 J
1687 1318 1807 1346 EVAN
1841 1307 1884 1346 et
1918 1304 2094 1347 heredes
2121 1304 2206 1346 mei

252 1404 414 1447 dictum
443 1402 732 1459 messuagium
760 1403 802 1443 et
834 1401 979 1442 decem
1007 1414 1123 1441 acras
1153 1402 1263 1441 terre
1294 1397 1557 1453 supradictas
1589 1411 1685 1439 cum
1710 1395 1982 1452 pertinenciis
2010 1399 2053 1438 et
2072 1396 2204 1438 incre-

250 1495 407 1537 mentis
435 1495 562 1550 prout
590 1492 735 1549 jacent
764 1506 839 1547 per
868 1493 1003 1533 metas
1033 1493 1076 1532 et
1105 1489 1272 1532 bundas
1302 1488 1564 1545 supradictas
1588 1487 1777 1543 predicto
1798 1486 1970 1530 domino
1993 1486 2207 1530 RoBER-ro

249 1584 474 1627 heredibus
506 1586 546 1626 et
583 1582 810 1640 assignatis
845 1582 931 1624 suis
966 1583 1112 1624 contra
1140 1596 1175 1623 o.
1207 1595 1263 1622 m.
1298 1579 1573 1622 warantizare
1614 1578 1854 1634 acquietare
1895 1581 1938 1621 et
1977 1577 2204 1621 defendere

250 1678 445 1718 tenemur
464 1675 776 1731 inperpetuum.
839 1672 896 1715 In
917 1672 1041 1729 cujus
1068 1672 1129 1714 rei
1158 1670 1451 1714 testimonium
1481 1672 1720 1726 presentem
1750 1673 1911 1712 cartam
1940 1684 2080 1712 meam
2110 1684 2204 1712 mea.

250 1766 513 1810 concessione
533 1765 764 1807 donacione
785 1766 827 1807 et
848 1763 1170 1807 confirmacione
1192 1762 1428 1805 confectam
1450 1761 1581 1817 sigilli
1601 1761 1686 1803 mei
1700 1760 1975 1816 impressione
1995 1759 2201 1803 roboravi.

250 1857 312 1901 H.
345 1860 376 1900 t.
409 1857 637 1899 MORGANO
667 1871 720 1911 ap
753 1855 845 1897 RES
874 1857 978 1897 tunc
1008 1853 1234 1896 senescallo
1265 1854 1317 1895 de
1348 1852 1532 1895 KYLvm
1563 1886 1570 1894 .
1605 1851 1816 1894 LEYSANO
1847 1867 1900 1907 ap
1926 1851 2019 1893 RES
2039 1850 2205 1893 bedello

249 1948 409 1991 ibidem
432 1981 440 1990 .
465 1947 693 1990 GRIFFINO
721 1945 913 1989 ΚΕΤΗΙΝ
937 1980 945 1988 .
968 1945 1138 1989 latimer
1162 1945 1322 1987 ibidem
1346 1979 1353 1987 .
1379 1943 1500 1986 REso
1530 1959 1584 1999 ap
1615 1942 1836 1985 HOWELL'
1869 1957 1922 1998 ap
1953 1941 2168 1984 MoRGAN‘
2194 1975 2202 1983 .

251 2039 445 2083 WILLIM
466 2038 573 2080 DUY
590 2072 598 2080 .
615 2037 805 2079 MAnoco
826 2037 945 2080 V01L
963 2071 971 2079 .
988 2035 1248 2099 WILLELMO
1270 2051 1324 2092 ap
1345 2034 1468 2078 KEN'
1492 2069 1501 2077 .
1526 2033 1693 2077 Tuom
1716 2049 1769 2089 ap
1791 2033 1953 2075 EYNON
1969 2067 1976 2075 .
1993 2036 2036 2075 et
2056 2032 2203 2074 multis

253 2131 360 2174 aliis.

310 2222 477 2264 Datum
507 2221 622 2277 apud
654 2219 836 2263 Knvm
877 2219 1057 2276 septimo
1089 2219 1157 2262 die
1190 2217 1447 2261 Novembris
1475 2233 1511 2260 a.
1541 2232 1573 2260 r.
1611 2216 1665 2259 R.
1704 2215 1931 2258 EnwARm
1964 2213 2084 2257 tercii
2111 2215 2205 2269 post

253 2315 530 2368 conquestum
550 2312 789 2354 undecimo.

1055 2384 1103 2423 (1)
1130 2384 1194 2422 Sic,
1217 2385 1267 2413 for
1290 2384 1416 2413 Penres.

863 2457 959 2487 From
975 2466 993 2486 a
1009 2457 1143 2487 Charter
1157 2456 1228 2486 roll.
1270 2455 1415 2485 Entitled
1431 2464 1438 2471 ⁷
1449 2454 1599 2493 Kylvey.‘
