2386 3645
251 305 362 347 1364

186 512 428 554 invenimus
457 513 500 553 et
529 525 603 567 per
632 509 827 565 legitima
856 510 1111 551 documenta
1141 507 1262 550 nobis
1292 510 1455 549 constat
1486 506 1629 549 omnia
1659 508 1701 547 et
1731 505 1902 559 singula
1931 505 1977 547 in
2008 506 2134 548 dictis

186 602 320 644 literis
350 601 588 658 apostolicis
617 615 692 657 pro
723 603 843 656 parte
873 599 1082 641 dictorum
1113 597 1277 641 abbatis
1307 600 1350 640 et
1379 599 1610 639 conventus
1640 598 1842 651 suggesta
1869 598 1911 637 et
1942 596 2133 651 exposita

186 693 366 735 veritate
386 692 529 735 fulciri
551 726 560 734 .
583 692 756 748 ipsaque
777 691 834 733 sic
855 693 1057 746 suggesta
1077 692 1121 731 et
1140 688 1331 744 exposita
1351 687 1481 729 fuisse
1502 690 1544 729 et
1574 701 1661 728 esse
1683 700 1781 728 vera
1809 689 1852 728 et
1879 685 2134 728 sufficienter

186 783 376 840 probata,
409 798 457 825 ac
486 783 599 839 quod
629 782 802 824 evidens
831 781 996 823 utilitas
1025 782 1068 822 et
1100 794 1257 835 urgens
1288 777 1513 820 necessitas
1544 780 1594 818 ut
1628 776 1731 818 unio
1766 776 2052 832 incorporacio
2089 779 2133 819 et

186 875 382 917 annectio
421 867 670 931 hujusmodi
702 872 869 915 ecclesie
909 870 1181 927 parrochialis
1219 869 1385 924 prefato
1420 867 1675 910 monasterio
1712 867 1801 909 fieri
1836 867 2020 910 debeant
2060 882 2138 910 ex·-

180 969 360 1022 poscunt
392 999 400 1008 .
433 965 598 1007 Idcirco
631 964 849 1006 ecclesiam
883 961 1189 1018 parrochialem
1222 961 1274 1001 de
1304 959 1494 1000 PENLYN
1535 957 1748 1014 prefatam
1790 957 1913 1014 cujus
1950 958 2132 1014 triginta

179 1058 370 1114 predicto
417 1056 674 1099 monasterio
723 1054 846 1110 cujus
904 1053 1238 1108 quingentarum
1296 1049 1564 1092 marcharum
1615 1050 1918 1106 sterlingorum
1966 1049 2131 1092 fructus

180 1149 375 1190 redditus
395 1150 438 1189 et
457 1148 687 1202 proventus
707 1145 937 1187 secundum
959 1156 1227 1185 communem
1254 1140 1579 1183 extimacionem
1599 1140 1786 1182 valorem
1817 1155 2010 1182 annuum
2040 1155 2128 1182 non

180 1240 392 1282 excedunt
423 1253 520 1280 cum
548 1236 744 1279 omnibus
772 1235 857 1277 suis
887 1233 1055 1290 juribus
1080 1236 1123 1274 et
1142 1232 1415 1287 pertinenciis
1444 1230 1652 1273 universis
1673 1228 1798 1273 salvis
1828 1231 2025 1286 porcione
2056 1246 2144 1286 pro

180 1330 491 1372 sustentacione
517 1327 711 1384 perpetui
738 1326 884 1368 vicarii
914 1323 1167 1366 instituendi
1194 1323 1240 1365 in
1265 1324 1413 1365 eadem
1443 1337 1518 1378 per
1546 1337 1623 1364 nos
1653 1337 1840 1377 congrue
1871 1323 2129 1378 assignanda

181 1436 229 1464 ac
263 1421 463 1476 pensione
496 1419 782 1476 quadraginta
818 1418 1048 1460 solidorum
1083 1430 1212 1470 quam
1245 1414 1374 1457 abbas
1400 1416 1441 1456 et
1472 1416 1704 1456 conventus
1734 1413 1914 1469 predicti
1944 1414 2131 1469 capitulo

179 1512 349 1554 ecclesie
369 1515 510 1554 nostre
532 1510 852 1553 LANDAVENSIS
881 1523 957 1564 pro
977 1506 1290 1562 indempnitate
1321 1506 1515 1562 ejusdem
1543 1505 1712 1547 ecclesie
1732 1508 1874 1547 nostre
1904 1505 2130 1548 annuatim

179 1605 338 1647 solvere
367 1606 569 1646 tenentur
608 1604 735 1658 prout
766 1601 812 1642 in
841 1600 1096 1656 quibusdam
1126 1598 1281 1641 litteris
1308 1597 1574 1654 obligatoriis
1600 1597 1700 1639 inde
1731 1597 1933 1639 confectis
1962 1597 2130 1652 plenius

178 1695 420 1738 continetur
452 1728 459 1735 .
492 1694 688 1736 invocata
728 1692 900 1748 spiritus
932 1690 1067 1733 sancti
1100 1689 1243 1746 gracia
1277 1689 1593 1744 imperpetuum
1627 1688 1877 1730 auctoritate
1902 1688 2131 1744 apostolica

175 1787 343 1843 prefata
363 1786 535 1828 unimus
555 1785 871 1840 incorporamus
892 1786 934 1824 et
954 1782 1220 1824 annectimus
1240 1781 1301 1822 ita
1324 1781 1437 1836 quod
1458 1781 1633 1822 cedente
1657 1779 1722 1821 vel
1743 1780 1972 1821 decedente
1992 1780 2126 1834 ipsius

177 1879 347 1922 ecclesie
374 1880 532 1919 rectore
558 1876 632 1932 qui
662 1891 776 1917 nunc
804 1877 866 1916 est
897 1876 971 1915 aut
998 1874 1139 1929 ipsum
1166 1872 1383 1914 ecclesiam
1411 1871 1514 1914 alias
1543 1870 1860 1926 quomodolibet
1880 1870 2125 1913 dimittente

175 1971 301 2012 liceat
322 1968 466 2011 abbati
487 1967 590 2010 dicti
611 1965 855 2008 monasterii
877 1965 950 2020 qui
971 1978 1046 2020 pro
1068 1968 1256 2019 tempore
1277 1963 1410 2004 fuerit
1430 1965 1472 2004 et
1493 1961 1721 2003 conventui
1741 1961 1942 2016 predictis
1962 1977 2124 2017 posses-

175 2062 336 2104 sionem
370 2060 564 2116 ejusdem
600 2057 769 2100 ecclesie
800 2057 971 2112 propria
1006 2055 1259 2098 auctoritate
1292 2053 1607 2110 apprehendere
1644 2055 1686 2094 et
1720 2053 1766 2094 in
1803 2052 1994 2108 proprios
2024 2068 2129 2095 usus

174 2156 379 2209 perpetuo
408 2151 603 2201 retinere,
636 2148 839 2192 ordinarii
869 2148 949 2189 loci
970 2148 1038 2189 vel
1068 2146 1252 2203 alicujus
1283 2146 1457 2188 alterius
1487 2144 1664 2186 licencia
1694 2159 1819 2199 super
1849 2143 1928 2186 hoc
1949 2144 2127 2187 minime

175 2243 381 2299 requisita
423 2276 431 2285 .
475 2241 710 2283 Reservata
759 2244 902 2281 tamen
953 2240 1005 2280 de
1037 2237 1247 2280 fructibus
1286 2236 1523 2279 redditibus
1555 2239 1598 2278 et
1632 2235 1907 2290 proventibus
1934 2235 2129 2291 ejusdem

177 2335 346 2378 ecclesie
382 2348 457 2389 pro
497 2335 700 2388 perpetuo
741 2330 895 2372 vicario
929 2364 936 2371 .
970 2330 1044 2385 qui
1084 2328 1257 2371 clericus
1288 2327 1484 2370 secularis
1515 2326 1669 2369 existat
1699 2326 1745 2368 in
1778 2327 1926 2368 eadem
1957 2327 2129 2369 domino

177 2427 407 2471 servituro.
424 2439 612 2481 congrua
623 2422 819 2479 porcione
834 2422 885 2463 de
902 2437 986 2476 qua
999 2421 1137 2462 valeat
1152 2434 1337 2475 congrue
1352 2418 1591 2470 sustentari,
1607 2417 1833 2472 episcopali
1854 2416 1950 2472 jure
1971 2418 2129 2460 solvere

178 2521 222 2560 et
249 2518 332 2559 alia
354 2516 432 2558 sibi
459 2513 753 2557 incumbencia
778 2526 905 2554 onera
929 2513 1176 2567 supportare
1209 2543 1217 2551 .
1251 2509 1353 2552 Non
1375 2508 1640 2550 obstantibus
1662 2507 1859 2549 omnibus
1880 2511 1922 2549 et
1944 2508 2126 2564 singulis

179 2624 260 2665 que
282 2607 479 2650 dominus
498 2607 639 2647 noster
659 2618 769 2660 papa
789 2604 835 2644 in
857 2602 951 2659 ejus
975 2601 1110 2643 literis
1131 2600 1369 2656 apostolicis
1388 2599 1525 2641 voluit
1544 2613 1630 2640 non
1652 2597 1817 2640 obstare
1840 2631 1848 2639 .
1871 2597 1938 2640 Ac
1957 2598 2130 2654 insuper

179 2700 443 2742 decernimus
472 2699 599 2754 prout
619 2695 755 2737 dictus
786 2694 982 2736 dominus
1011 2695 1153 2735 noster
1171 2706 1283 2747 papa
1303 2689 1488 2732 decrevit
1517 2688 1688 2731 irritum
1719 2692 1760 2730 et
1790 2689 1918 2730 inane
1948 2690 1979 2731 si
2012 2704 2129 2732 secus

180 2806 306 2848 super
336 2788 549 2846 premissis
576 2802 600 2828 a
621 2800 835 2842 quoquam
857 2784 1084 2840 contigerit
1105 2781 1362 2837 attemptari.
1425 2780 1480 2822 In
1502 2794 1681 2835 quorum
1705 2779 1897 2821 omnium
1919 2782 1962 2820 et
1982 2780 2128 2836 singu-

179 2883 317 2925 lorum
349 2879 650 2937 premissorum
679 2876 971 2919 testimonium
1004 2878 1131 2930 atque
1167 2874 1295 2915 fidem
1328 2872 1404 2913 has
1434 2871 1597 2913 litteras
1628 2874 1794 2912 nostras
1831 2873 2024 2926 patentes
2053 2886 2129 2927 per

177 2972 433 3029 magistrum
466 2969 721 3012 HENRmUM
754 2966 1037 3009 NORTHLODE
1071 2965 1268 3007 clericum
1299 2963 1515 3005 notarium
1551 2960 1771 3017 publicum
1805 2959 2124 3016 infrascriptum

179 3064 359 3108 scribam
398 3064 591 3104 nostrum
630 3060 675 3101 in
717 3059 795 3100 hac
825 3061 945 3114 parte
985 3057 1109 3099 scribi
1149 3059 1191 3098 et
1231 3054 1438 3110 publicari
1479 3068 1526 3095 ac
1572 3052 1706 3108 ipsius
1741 3053 1897 3094 notarii
1934 3052 2056 3108 signo
2087 3056 2130 3096 et

181 3153 487 3210 subscripsione
509 3151 595 3207 (sic)
619 3150 843 3207 sigilloque
861 3148 995 3191 nostri
1011 3145 1267 3204 appensione
1283 3144 1583 3188 mandavimus
1603 3144 1646 3185 et
1661 3142 1840 3185 fecimus
1860 3143 2126 3187 communiri.
