2386 3645
289 296 400 337 1194

1052 530 1341 576 DCOCGLX.

229 664 444 710 GRANJJ
502 663 573 706 IN
631 661 782 704 TAIL
840 658 925 702 BY
983 655 1198 707 DAVID,
1259 651 1503 695 REOTOR
1563 650 1641 693 OF
1691 650 1971 702 OOYTIFF,
2031 649 2166 692 AND

370 755 540 799 JOHN
599 752 761 803 sEYS,
824 746 1150 792 CHAPLAIN
1211 743 1287 786 TO
1348 741 1560 784 ROGER
1615 741 1701 784 DE
1751 739 2166 792 BERKEROLIS,

375 846 453 889 OF
528 843 658 887 THE
734 838 959 883 MANOR
1029 835 1106 878 OF
1174 831 1492 875 MERTHYR
1570 831 1771 875 MAWR,
1840 830 1963 873 FOR
2041 829 2168 872 ONE

376 933 696 980 HUNDRED
747 927 976 973 MARKS.

1014 1016 1234 1074 [Famem
1264 1012 1383 1069 MS]
1712 1012 1768 1053 28
1789 1011 1819 1055 J
1823 1026 1922 1054 ULY.
1986 1012 2111 1053 1335.

284 1134 429 1177 Sciant
460 1134 672 1188 presentes
716 1131 759 1171 et
797 1126 934 1169 futuri
976 1125 1089 1180 quod
1129 1138 1206 1165 nos
1245 1121 1403 1164 DAvm
1442 1123 1578 1163 rector
1616 1118 1786 1162 ecclesie
1827 1120 1879 1161 de
1920 1118 2085 1161 Goxmr
2125 1121 2168 1161 et

224 1226 253 1270 J
256 1238 465 1268 OHANNES
486 1221 596 1264 ssi-s
616 1219 856 1275 capellanus
877 1216 1071 1258 dedimus
1092 1213 1368 1256 concessimus
1388 1214 1431 1254 et
1457 1211 1535 1253 hac
1556 1211 1742 1266 presenti
1772 1213 1887 1252 carta
1906 1213 2050 1251 nostra
2070 1224 2167 1252 con-

223 1315 483 1358 firmavimus
505 1312 690 1354 Romo
706 1310 757 1350 de
770 1308 1062 1350 BERKERoms
1082 1304 1169 1346 filio
1191 1303 1354 1346 domini
1369 1301 1616 1344 WxLLELm
1638 1302 1691 1343 de
1707 1300 1999 1342 BERKERoms
2020 1299 2172 1342 militis

223 1410 265 1449 et
297 1404 541 1447 KATEmNE
571 1400 694 1443 uxori
721 1398 815 1455 ejus
841 1400 981 1439 totum
1008 1395 1246 1437 manerium
1276 1397 1468 1435 nostrum
1490 1393 1543 1434 de
1568 1391 1932 1434 MARTHELMAUR
1958 1405 2055 1432 cum
2082 1390 2171 1432 suis

222 1494 493 1553 pertinenciis
515 1495 561 1534 ut
581 1492 626 1533 in
648 1490 769 1532 terris
789 1488 921 1544 pratis
941 1486 1124 1543 pasturis
1143 1485 1277 1528 boscis
1299 1485 1379 1526 viis
1399 1483 1560 1526 semitis
1575 1482 1830 1525 molendinis
1846 1482 1967 1537 aquis
1982 1481 2170 1538 piscariis

220 1585 464 1630 tenentibus
499 1586 541 1624 et
573 1595 718 1624 eorum
752 1577 987 1622 redditibus
1020 1580 1062 1620 et
1097 1575 1282 1619 serviciis
1309 1590 1396 1618 una
1432 1589 1528 1617 cum
1555 1572 1751 1616 omnibus
1783 1572 1877 1614 aliis
1903 1571 2170 1615 libertatibus

223 1675 482 1720 aisiamentis
495 1677 537 1715 et
551 1671 779 1715 commodis
792 1671 846 1712 ad
866 1669 1028 1711 dictum
1049 1667 1289 1710 manerium
1312 1666 1459 1722 aliquo
1481 1665 1607 1708 modo
1630 1663 1930 1720 spectantibus.
1992 1662 2172 1706 Haben-

219 1769 323 1811 dum
336 1770 378 1809 et
390 1765 623 1808 tenendum
640 1763 801 1804 dictum
816 1760 1056 1802 manerium
1071 1773 1169 1801 cum
1186 1758 1272 1800 suis
1290 1756 1564 1814 pertinenciis
1581 1759 1630 1798 ut
1648 1755 1694 1796 in
1707 1755 1830 1797 terris
1842 1754 1974 1810 pratis
1987 1753 2172 1810 pasturis

220 1858 354 1901 boscis
381 1857 461 1898 viis
490 1854 650 1898 semitis
679 1851 935 1895 molendinis
964 1849 1084 1905 aquis
1114 1848 1302 1905 piscariis
1332 1846 1576 1889 tenentibus
1615 1848 1658 1887 et
1690 1860 1835 1887 eorum
1862 1844 2098 1886 redditibus
2125 1847 2169 1886 et

221 1949 404 1992 serviciis
430 1962 515 1989 una
545 1960 640 1988 cum
671 1942 867 1986 omnibus
894 1942 988 1983 aliis
1015 1939 1284 1983 libertatibus
1313 1937 1573 1981 aisiamentis
1603 1939 1645 1978 et
1673 1936 1902 1978 commodis
1931 1936 1985 1977 ad
2006 1935 2168 1978 dictum

221 2039 459 2084 manerium
480 2037 621 2092 aliquo
642 2036 767 2077 modo
789 2032 1076 2089 spectantibus
1096 2031 1296 2088 predictis
1318 2031 1507 2073 Romano
1531 2032 1574 2071 et
1599 2027 1844 2070 KATERINE
1866 2027 1989 2069 uxori
2010 2027 2099 2082 ejus
2126 2031 2169 2069 et

222 2129 447 2174 heredibus
467 2129 518 2170 de
540 2125 781 2183 corporibus
801 2125 888 2167 suis
908 2123 1135 2180 procreatis
1157 2123 1208 2164 de
1237 2120 1489 2177 capitalibus
1509 2119 1692 2162 dominis
1713 2118 2073 2161 GLAMORGANCIE
2093 2133 2169 2173 per

223 2221 396 2266 servicia
414 2221 515 2262 inde
535 2218 678 2261 debita
692 2221 734 2259 et
747 2218 946 2259 consueta
962 2214 1092 2257 libere
1109 2214 1251 2270 quiete
1266 2212 1374 2255 bene
1390 2212 1557 2268 integre
1573 2214 1616 2253 et
1630 2211 1676 2252 in
1689 2224 1791 2265 pace
1801 2209 1898 2265 jure
1914 2209 2168 2252 hereditario

222 2314 547 2368 imperpetuum.
620 2309 704 2351 Pro
732 2308 810 2350 hac
842 2310 986 2350 autem
1005 2309 1162 2349 ¹nostra
1192 2304 1424 2347 donacione
1451 2302 1713 2346 concessione
1742 2304 1784 2343 et
1816 2301 2021 2356 presentis
2056 2304 2169 2344 carte

224 2406 365 2446 nostre
398 2400 717 2444 confirmacione
750 2399 959 2441 dederunt
991 2397 1112 2440 nobis
1137 2396 1315 2452 predicti
1349 2394 1562 2436 Romanus
1594 2396 1636 2435 et
1663 2391 1910 2434 KATERINA
1940 2406 2048 2434 uxor
2077 2391 2174 2447 ejus

226 2497 396 2537 centum
415 2506 576 2534 marcas
596 2490 895 2545 sterlingorum
916 2504 991 2544 pre
1011 2487 1220 2530 manibus.
1282 2485 1343 2527 Et
1363 2500 1440 2527 nos
1455 2498 1552 2526 vero
1568 2483 1671 2525 dicti
1684 2482 1838 2524 DAvm
1850 2485 1986 2523 rector
2001 2482 2171 2525 ecclesie

225 2587 278 2628 de
300 2585 463 2627 OoYTIF
485 2585 528 2625 et
543 2581 572 2624 J
576 2596 786 2624 oHANNEs
807 2580 917 2623 Snxs
938 2580 1181 2635 capellanus
1202 2581 1245 2620 et
1271 2577 1446 2620 heredes
1475 2574 1610 2617 nostri
1635 2577 1676 2615 et
1704 2572 1910 2629 assignati
1933 2572 2171 2628 predictum

224 2675 462 2718 manerium
494 2688 589 2715 cum
621 2673 706 2715 suis
740 2671 1011 2728 pertinenciis
1045 2674 1095 2713 ut
1128 2670 1175 2712 in
1208 2669 1332 2711 terris
1365 2667 1498 2724 pratis
1529 2665 1712 2722 pasturis
1739 2663 1874 2707 boscis
1897 2663 1978 2706 viis
2011 2664 2172 2707 semitis

225 2763 481 2807 molendinis
513 2762 634 2818 aquis
666 2761 854 2818 piscariis
884 2760 1128 2803 tenentibus
1157 2763 1199 2802 et
1229 2774 1376 2801 eorum
1405 2756 1642 2800 redditibus
1672 2758 1715 2798 et
1745 2754 1928 2797 serviciis
1957 2769 2044 2796 una
2073 2769 2170 2797 cum

225 2855 420 2898 omnibus
449 2854 542 2895 aliis
569 2852 837 2896 libertatibus
867 2851 1127 2895 aisiamentis
1156 2853 1198 2893 et
1229 2849 1458 2892 commodis
1488 2849 1544 2890 ad
1573 2847 1734 2890 dictum
1765 2845 2003 2887 manerium
2023 2845 2166 2901 aliquo

201 2947 350 3007 ..modo
383 2943 669 3000 spectantibus
703 2943 903 2999 predictis
939 2943 1126 2985 Roomzo
1163 2944 1205 2984 et
1237 2940 1485 2983 KATERINE
1513 2938 1637 2981 uxori
1667 2937 1762 2993 ejus
1789 2939 1832 2978 et
1863 2934 2088 2978 heredibus
2118 2936 2171 2978 de

225 3035 466 3092 corporibus
487 3035 573 3077 suis
594 3033 819 3090 procreatis
840 3036 986 3076 contra
1016 3048 1161 3076 omnes
1191 3033 1389 3075 mortales
1418 3029 1789 3073 warantizabimus
1818 3030 1861 3070 et
1891 3026 2170 3070 defendemus
