2386 3645
263 304 375 346 1354

204 509 288 567 Hij
293 525 313 553 s
331 510 510 554 testibus
532 544 541 553 .
565 511 778 555 ROBERTo
792 527 846 569 ap
862 511 1052 556 THOMAS
1068 512 1330 555 vice-comite
1345 511 1590 555 Gommnm
1606 545 1614 554 .
1632 510 1891 555 WILLELMO
1903 510 2150 554 MATrHEw

203 601 415 658 preposito
435 602 535 645 ville
555 603 608 645 de
628 602 808 646 SWEYN'
833 637 842 645 .
865 603 1033 646 ΤΗοΜΑ
1054 604 1106 646 (16
1127 602 1386 646 SINGLETON
1419 636 1428 645 .
1461 602 1674 645 RoBERTO
1704 600 1904 643 KNEPYN
1937 635 1946 644 .
1978 601 2148 644 Tuom

204 693 417 737 CHARLES
439 727 448 737 .
471 693 639 737 THOMA
659 693 953 738 VORDEWARD
975 728 984 737 .
1008 698 1050 738 et
1069 695 1216 738 multis
1236 694 1342 737 aliis.

260 784 426 828 Datum
453 787 568 842 apud
598 785 778 828 SWEYN'
810 785 880 828 die
909 785 1035 828 Lune
1066 786 1217 842 quinto
1247 786 1316 828 die
1346 784 1502 828 mensis
1523 783 1717 828 Octobris
1737 798 1849 827 anno
1869 784 1992 841 regni
2013 784 2148 841 Regis

201 875 398 918 RmARm
419 876 593 919 secundi
611 879 707 933 post
726 879 1001 932 conquestum
1021 877 1213 932 septimo.

1097 1108 1255 1152 MLII.

197 1217 413 1261 GRANT
452 1217 525 1261 IN
566 1217 717 1261 TAIL
756 1217 843 1261 BY
881 1217 1051 1261 JOHN
1085 1217 1170 1260 DE
1211 1216 1512 1271 PENREES,
1547 1217 1717 1261 LORD
1756 1217 1834 1260 OF
1867 1217 2146 1271 OXWIOH,

341 1309 417 1352 ΤΟ
458 1309 628 1353 JOHN
676 1310 763 1353 DE
803 1308 1064 1352 HORTON
1108 1308 1243 1352 AND
1293 1309 1646 1352 MARGARET
1696 1308 1805 1352 HIS
1856 1308 2026 1353 WIFE
2067 1308 2147 1352 OF

339 1400 470 1443 THE
510 1400 649 1443 SITE
690 1400 769 1443 OF
807 1400 852 1443 A
891 1399 1196 1443 BURGAGE
1236 1399 1309 1443 IN
1349 1400 1481 1443 THE
1515 1400 1748 1444 OASTLE
1788 1399 2032 1443 BAILEY
2065 1400 2144 1443 OF

338 1491 656 1536 SWANSEA.

910 1565 1138 1622 [MARGAM
1170 1564 1431 1622 CHARTER]

1418 1674 1443 1715 5
1476 1673 1578 1716 ΟοΤ.
1641 1674 1665 1716 7
1699 1674 1797 1717 R1c.
1830 1673 1894 1716 II.
1958 1674 2083 1716 1383.

248 1781 395 1824 Sciant
415 1797 456 1838 p.
479 1784 521 1824 et
542 1782 573 1824 f.
597 1797 636 1837 q.
660 1797 694 1824 e.
717 1781 747 1824 J
750 1795 958 1823 OHANNES
979 1782 1031 1824 (16
1063 1782 1276 1824 PENREES
1307 1783 1505 1825 dominus
1535 1783 1588 1824 de
1617 1781 1900 1824 OXENWYCH'
1923 1781 2022 1824 dedi
2043 1796 2140 1824 con-

189 1873 292 1915 cessi
313 1875 356 1915 et
374 1872 454 1915 hac
474 1872 660 1928 presenti
681 1876 796 1915 carta
815 1887 910 1916 mea
938 1873 1184 1916 confirmavi
1211 1873 1241 1916 J
1243 1888 1420 1916 OHANNI
1452 1874 1505 1916 de
1535 1872 1744 1915 HORTON’
1777 1875 1820 1915 et
1849 1873 2141 1915 MARGARETE

187 1963 311 2006 uxori
343 1962 438 2019 ejus
470 1966 512 2006 et
546 1962 773 2006 heredibus
808 1964 861 2006 (16
892 1964 1135 2020 corporibus
1166 1979 1312 2007 eorum
1353 1964 1545 2020 legitime
1585 1964 1814 2019 procreatis
1845 1966 1980 2006 totam
2020 1964 2142 2006 illam

186 2055 377 2110 placeam
417 2054 619 2110 burgagii
658 2070 755 2097 cum
794 2055 1067 2111 pertinenciis
1112 2071 1194 2112 que
1234 2056 1451 2111 quondam
1490 2055 1576 2098 fuit
1616 2055 1780 2097 domini
1832 2055 2036 2098 ROBERTI
2087 2056 2141 2098 de

187 2144 401 2187 PENREEs
431 2145 501 2187 avi
530 2145 615 2187 mei
644 2145 824 2201 jacentis
853 2146 898 2188 in
929 2146 1060 2189 ballia
1090 2147 1216 2189 castri
1246 2148 1298 2188 de
1323 2146 1631 2189 SWEYNESEYA
1652 2146 1764 2188 inter
1784 2146 2015 2202 gardinum
2036 2146 2141 2189 dict-i

188 2236 420 2279 JOHANNIS
441 2237 493 2278 de
514 2236 725 2278 HonToN’
748 2252 800 2279 ex
820 2239 940 2292 parte
960 2237 1211 2280 occidentali
1231 2240 1273 2280 et
1293 2253 1562 2280 communem
1582 2237 1697 2279 viam
1718 2253 1771 2280 ex
1800 2240 1922 2293 parte
1943 2238 2142 2280 orientali

189 2330 233 2370 et
253 2327 463 2370 venellam
484 2328 709 2370 ducentem
729 2343 874 2371 versus
893 2343 1065 2371 murum
1086 2329 1213 2371 ballie
1234 2344 1287 2371 ex
1307 2331 1428 2384 parte
1448 2328 1599 2371 boriali
1619 2344 1753 2384 usque
1774 2330 1829 2371 ad
1845 2331 2140 2372 tenementum

189 2418 294 2460 dicti
314 2417 343 2461 J
346 2432 546 2460 OHANNIS
574 2433 626 2461 ex
656 2421 776 2474 parte
807 2419 994 2462 australi.
1055 2419 1322 2462 Habendum
1352 2422 1396 2462 et
1423 2419 1658 2461 tenendum
1687 2419 1922 2475 predictam
1951 2420 2142 2475 placeam

190 2509 392 2566 burgagii
428 2523 525 2552 cum
557 2509 643 2552 suis
674 2509 945 2566 pertinenciis
977 2511 1177 2567 predictis
1216 2511 1246 2555 J
1248 2525 1424 2553 οΗΑΝΝΙ
1462 2512 1514 2552 de
1545 2511 1742 2553 HORTON
1775 2513 1818 2553 et
1849 2510 2140 2554 MARGARETE

189 2601 314 2644 uxori
353 2599 448 2657 ejus
488 2603 531 2643 et
569 2600 796 2643 heredibus
835 2602 888 2643 de
927 2602 1170 2658 corporibus
1211 2617 1358 2645 eorum
1397 2602 1588 2658 legitime
1628 2602 1856 2658 procreatis
1895 2603 1949 2644 de
1989 2617 2058 2645 me
2098 2605 2142 2645 et

189 2691 416 2734 heredibus
464 2691 582 2734 meis.
658 2691 897 2735 Reddendo
945 2692 1046 2736 inde
1095 2693 1320 2736 annuatim
1369 2693 1500 2736 michi
1540 2696 1583 2736 et
1630 2693 1857 2736 heredibus
1905 2693 2011 2736 meis
2059 2693 2142 2750 ipsi

189 2782 220 2826 J
222 2796 432 2825 OHANNES
462 2785 506 2825 et
535 2782 827 2825 MARGARETA
857 2798 966 2826 uxor
995 2783 1090 2840 ejus
1120 2787 1163 2827 et
1191 2784 1366 2827 heredes
1394 2785 1583 2840 ipsorum
1612 2784 1804 2840 legitime
1825 2785 1878 2827 de
1899 2784 2142 2840 corporibus

189 2888 335 2917 eorum
374 2875 583 2930 procreati
622 2890 760 2917 unum
798 2875 946 2918 florem
988 2891 1081 2919 rose
1130 2877 1186 2918 ad
1229 2876 1387 2919 festum
1428 2875 1684 2919 Nativitatis
1723 2875 1871 2918 Sancti
1910 2875 1940 2918 J
1943 2889 2142 2918 oHANNIS

186 2962 412 3006 BAPTISTE
442 2979 520 3021 pro
550 2965 747 3009 omnibus
776 2965 1035 3010 secularibus
1065 2967 1250 3010 serviciis
1280 2966 1575 3010 exaccionibus
1606 2970 1648 3010 et
1679 2966 1913 3010 demandis.
1974 2965 2037 3008 Et
2060 2980 2142 3022 ego

187 3068 287 3098 vero
317 3055 532 3111 predictus
558 3056 588 3100 J
590 3070 801 3099 OHANNES
833 3057 1046 3101 PENREES
1072 3061 1116 3102 et
1138 3059 1313 3102 heredes
1346 3059 1432 3102 mei
1458 3059 1693 3115 predictam
1719 3058 1910 3114 placeam
1939 3056 2143 3114 burgagii
