2386 3645
312 266 423 307 1280

254 472 394 515 bimus
415 475 458 514 et
477 473 523 514 in
544 475 796 528 perpetuum
814 471 1106 514 defendemus
1168 470 1225 512 In
1241 469 1364 525 eujus
1379 470 1441 513 rei
1456 470 1749 513 testimonium
1768 470 1868 513 huie
1887 471 2073 526 presenti
2094 474 2208 514 carte

251 579 343 606 mee
377 564 568 619 sigillum
601 578 744 605 meum
785 562 974 618 apposui.
1038 561 1141 604 Hiis
1181 561 1360 604 testibus
1395 594 1405 603 .
1442 561 1664 604 JOHANNE
1697 561 1854 603 LOVEL
1898 596 1906 604 .
1946 561 2114 604 ΤΗΟΜΑ
2154 563 2208 606 de

254 653 581 696 TURBERVILLE
617 687 626 696 .
658 653 810 695 DAvn)
852 652 1106 694 CANTELOW
1138 685 1147 695 .
1180 652 1417 694 NICHOLAO
1460 652 1715 694 CANTELOW
1747 685 1755 694 .
1788 652 1940 694 DAvn)
1971 652 2138 695 REGNY
2167 657 2210 696 et

253 745 401 786 multis
422 745 528 786 aliis,

311 836 477 878 Datum
506 837 620 892 apud
648 835 926 878 NOTHASCHE
952 835 1021 877 die
1050 835 1211 877 decimo
1239 837 1283 876 et
1309 837 1428 877 sexto
1458 835 1615 876 mensis
1646 834 1755 876 Maii
1782 849 1894 876 anno
1921 835 2045 890 regni
2073 834 2209 891 Regis

250 926 479 969 EDWARDI
502 942 570 969 111.
594 930 690 983 post
711 930 988 981 conquestum
1009 926 1206 967 vicesimo
1229 925 1391 980 quinto.
1980 925 2049 980 (L.
2083 926 2144 981 S.)

309 1019 412 1047 There
436 1018 462 1046 is
479 1018 614 1047 another
630 1017 817 1053 Quit-claim
840 1018 922 1045 from
939 1015 1093 1053 william,
1109 1025 1168 1044 son
1181 1016 1212 1044 of
1229 1015 1374 1044 William
1391 1015 1532 1052 Burdon,
1548 1016 1582 1044 of
1596 1015 1687 1045 these
1701 1015 1796 1044 lands
1814 1015 2143 1054 (Newton-Nottage)
2160 1019 2196 1046 at

261 1074 379 1111 Grove,
396 1075 493 1103 dated
517 1075 602 1110 1353,
616 1073 760 1110 Kaerdif,
778 1073 920 1110 Monday
937 1072 969 1100 in
992 1072 1046 1100 the
1068 1076 1199 1100 octaves
1222 1072 1254 1100 of
1278 1071 1324 1100 St.
1341 1071 1430 1100 John
1451 1076 1528 1100 ante
1549 1071 1683 1100 Portam
1698 1082 1704 1100 ι
1728 1071 1819 1108 later,
1834 1073 1870 1100 27
1886 1072 2026 1101 Edward
2041 1073 2117 1110 ΠΙἸ
2132 1073 2197 1102 and

258 1131 431 1159 witnessed
449 1131 491 1168 by
507 1130 563 1158 the
578 1130 649 1158 lord
669 1129 719 1157 Ma
727 1129 811 1157 thias
830 1128 858 1156 le
880 1128 947 1165 Sor,
970 1127 1089 1156 Sheriff
1105 1127 1137 1155 of
1161 1126 1371 1163 Glamorgan‚
1387 1126 1430 1164 by
1446 1126 1536 1155 three
1552 1127 1584 1155 of
1600 1126 1656 1155 the
1670 1126 1841 1163 foregoing
1856 1127 2033 1165 witnesses5
2048 1127 2111 1156 and
2126 1127 2197 1157 also

258 1187 302 1224 by
326 1186 470 1215 William
492 1186 520 1215 16
542 1185 633 1223 Heyr
651 1185 715 1213 and
736 1184 877 1213 Richard
898 1184 926 1212 le
946 1183 1065 1212 Barber
1084 1183 1122 1211 de
1141 1182 1286 1211 Kaerdif.
1336 1182 1425 1210 John
1447 1181 1627 1219 Somerton,
1650 1181 1684 1210 in
1709 1182 1795 1220 1419,
1818 1191 1960 1220 conveys
1977 1183 2032 1212 the
2053 1192 2139 1212 same
2159 1186 2195 1213 to

256 1242 397 1271 Thomas
422 1242 544 1271 Nerber
565 1241 682 1278 junior,
698 1241 761 1270 and
786 1240 818 1269 in
846 1241 919 1269 1467
942 1239 997 1268 the
1020 1239 1142 1268 feofees
1164 1239 1196 1267 of
1223 1237 1346 1267 Nerber
1366 1237 1475 1275 junior
1496 1247 1620 1276 convey
1636 1241 1670 1266 to
1694 1237 1836 1267 Richard
1861 1238 2010 1276 Lougher
2031 1240 2064 1268 of
2088 1239 2194 1278 Skerr,

255 1299 452 1336 gentleman,
466 1299 484 1326 4
501 1297 691 1334 November,
707 1297 723 1325 7
740 1296 879 1325 Edward
895 1295 954 1324 IV.
1991 1295 2152 1334 (H‚H,K,)

1048 1350 1133 1380 Vide
1156 1349 1467 1380 DCCCCXXXIII.

923 1407 1086 1443 Reginald
1107 1408 1146 1436 de
1169 1405 1517 1435 Somert0n=Loretta

1235 1446 1378 1513 Thomzis
1400 1485 1439 1514 de
1461 1485 1492 1513 S.

1170 1675 1278 1719 MV.

243 1785 623 1834 QUIT-OLMM
664 1785 752 1827 BY
794 1783 1108 1834 ORIsTINA,
1151 1783 1388 1828 WIDOW
1430 1783 1508 1826 OF
1549 1784 1783 1826 HENRY
1823 1784 1905 1827 LE
1955 1785 2201 1829 MULLE-

389 1878 582 1922 WARD
637 1877 715 1920 OF
776 1877 858 1919 ST,
915 1876 1180 1929 GEORGE,
1244 1875 1322 1918 OF
1376 1876 1421 1918 A
1481 1876 1833 1919 TENEMENT
1899 1876 1972 1920 IN
2038 1877 2201 1921 MILL

390 1968 642 2021 STREET,
686 1967 977 2019 OARDIFF,
1020 1967 1096 2009 To
1140 1966 1417 2009 MARGAM
1458 1966 1689 2008 ABBEY.

960 2075 1188 2129 [MARGAM
1231 2073 1489 2131 CHARTER]

409 2186 659 2228 THURSDAY
690 2198 836 2226 AFTER
867 2183 936 2225 ST.
970 2182 1144 2225 LUKE’S
1175 2182 1292 2225 DAY.
1355 2184 1410 2224 20
1443 2182 1544 2224 OCT.
1607 2183 1661 2224 25
1694 2182 1823 2225 Enw.
1855 2181 1948 2228 III.
2010 2184 2135 2227 1351.

305 2294 515 2338 Omnibus
538 2293 725 2336 CHRISTI
747 2291 944 2334 fidelibus
973 2292 1025 2332 ad
1053 2306 1157 2346 quos
1182 2293 1398 2346 presentes
1427 2290 1550 2332 litere
1581 2291 1854 2346 pervenerint
1884 2290 2100 2334 CRISTINA
2121 2307 2203 2348 que

246 2387 314 2430 fui
363 2401 470 2427 uxor
520 2384 725 2426 HENRICI
782 2383 1087 2425 MULLEWARD
1135 2383 1188 2423 de
1235 2381 1390 2424 saneto
1443 2381 1648 2424 GEORGIO
1698 2382 1879 2424 salutem
1928 2382 1974 2424 in
2014 2383 2203 2428 Domino

251 2478 565 2534 sempiternam.

309 2569 490 2612 Noverit
510 2566 765 2609 universitas
785 2570 924 2607 vestra
944 2579 1011 2606 me
1040 2564 1267 2606 dimississe
1295 2564 1504 2606 relaxasse
1526 2566 1568 2605 et
1595 2562 1769 2605 omnino
1790 2563 1984 2618 quietum
2004 2565 2205 2610 clamasse

250 2660 396 2703 abbati
428 2662 470 2701 et
505 2659 732 2700 conventui
766 2657 819 2697 de
851 2654 1056 2696 MARGAN
1090 2669 1213 2696 omne
1241 2654 1312 2709 jus
1345 2656 1387 2696 et
1422 2654 1623 2695 clamium
1658 2654 1772 2709 quod
1805 2653 1941 2697 habeo
1973 2654 2105 2698 habui
2139 2658 2208 2700 vel

253 2753 395 2807 aliquo
435 2750 560 2791 modo
601 2749 791 2789 deeetero
830 2745 984 2788 habere
1025 2748 1172 2801 potero
1213 2745 1259 2787 in
1299 2760 1385 2787 uno
1427 2748 1670 2786 tenemento
1712 2760 1808 2786 011111
1847 2746 2121 2800 pertinenciis
2156 2749 2204 2792 in

252 2842 468 2885 KAERDIF
496 2840 664 2896 jacente
684 2839 730 2880 in
752 2840 885 2879 strata
905 2840 1054 2879 vocata
1082 2836 1146 2878 Le
1175 2837 1512 2879 MULLESTRATE
1536 2870 1545 2879 .
1570 2837 1683 2891 quod
1713 2835 1846 2878 habui
1875 2852 1928 2878 ex
1963 2837 2209 2883 dimissione

253 2934 420 2977 ΤΗΟΜΕ
442 2931 520 2973 filii
541 2930 709 2972 THOME
731 2930 783 2970 de
810 2929 853 2970 la
874 2928 1011 2970 Mons
1033 2928 1088 2969 ad
1115 2928 1347 2970 terminum
1369 2927 1456 2969 vite
1478 2942 1570 2968 mee
1592 2929 1720 2982 prout
1750 2929 1870 2982 patet
1890 2942 1965 2982 per
1991 2930 2207 2983 quoddam

251 3025 456 3080 seriptum
476 3022 748 3063 indentatum
768 3020 868 3061 inde
891 3019 1143 3061 confectum.
1206 3018 1278 3060 Ita
1298 3019 1413 3074 quod
1433 3032 1511 3060 neo
1531 3032 1610 3073 ego
1631 3032 1709 3060 neo
1729 3016 1883 3073 aliquis
1903 3019 2013 3061 alius
2032 3021 2207 3064 nomine
