2386 3645
1949 299 2059 340 1599

1019 501 1280 545 MOLXXI.

177 589 625 655 AGQUITTANGE
666 608 753 650 BY
785 607 814 651 J
818 607 966 659 OHN,
1003 608 1210 651 ABBOT
1248 609 1326 651 OF
1358 609 1814 663 TEWKESBURY,
1850 611 1925 654 TO
1959 612 2116 654 MAR-

322 699 459 742 GAM
504 698 733 751 ABBEY,
786 699 910 742 FOR
961 699 1220 743 ELEVEN
1274 700 1523 743 POUNDS
1581 701 1708 744 TEN
1765 701 2114 755 SHILL-INGS,

323 789 501 832 FARM
542 789 714 832 RENT
753 789 888 832 DUE
940 789 1064 833 FOR
1116 790 1246 832 THE
1300 790 1639 834 GHUROHES
1695 791 1773 834 OF
1812 792 2118 835 KENEFEK

321 879 455 922 AND
508 879 908 923 NEWOASTLE.

891 986 1121 1043 [MARGAM
1164 987 1418 1045 CHARTER]

1207 1097 1253 1136 19
1286 1096 1449 1138 APRIL.
1523 1098 1577 1138 22
1614 1096 1739 1138 HEN.
1777 1096 1858 1139 VI.
1939 1099 2061 1139 1444.

235 1201 448 1244 Noverint
480 1200 669 1243 universi
700 1216 775 1257 per
802 1205 1016 1257 presentes
1047 1217 1124 1244 nos
1155 1202 1184 1244 J
1187 1217 1411 1245 oHANNEM
1443 1204 1715 1259 permissione
1745 1203 1890 1245 divina
1925 1203 2121 1246 abbatem

177 1293 422 1335 monasterii
452 1291 574 1334 beate
602 1291 762 1335 MARIE
792 1293 845 1334 de
876 1291 1183 1335 TEUKESBURY
1213 1294 1426 1348 recepisse,
1454 1297 1530 1336 etc.
1568 1293 1631 1350 [et
1653 1294 1799 1351 supra]
1835 1296 1886 1336 de
1916 1294 2122 1351 religiosis

177 1383 278 1425 viris
306 1382 458 1425 abbate
487 1386 529 1424 et
561 1387 773 1425 conventu
806 1384 858 1424 de
885 1383 1087 1425 MORGAN
1121 1385 1317 1426 undecim
1349 1384 1478 1427 libras
1503 1388 1546 1426 et
1575 1386 1720 1427 decem
1750 1386 1915 1437 solidos,
1947 1388 2038 1437 etc„
2070 1387 2121 1427 de

176 1473 359 1516 termino
388 1472 566 1515 PAscHE
595 1473 747 1515 ultimo
775 1474 976 1528 preterito
1006 1478 1105 1516 ante
1137 1475 1287 1516 datum
1316 1475 1593 1530 presencium.
1668 1475 1735 1518 De
1764 1475 1928 1530 quibus,
1959 1479 2034 1517 ehc.

235 1564 400 1606 Datum
420 1565 535 1619 apud
567 1563 875 1606 TEL'KESBURY
906 1564 1068 1607 decimo
1087 1580 1199 1607 nono
1220 1565 1288 1606 die
1316 1566 1472 1607 mensis
1502 1566 1665 1621 Aprilis
1695 1581 1807 1608 anno
1836 1566 1959 1622 regni
1990 1566 2123 1622 Regis

177 1654 383 1697 HENRICI
415 1655 524 1697 sexti
544 1660 639 1710 post
660 1663 938 1711 conquestum
958 1656 1155 1698 vicesimo
1176 1657 1370 1699 secundo.

233 1745 467 1801 Imperfect
487 1746 574 1788 seal
593 1746 640 1788 in
661 1761 792 1801 green
812 1762 920 1797 wax,
943 1762 988 1789 as
1009 1747 1236 1789 described.

1005 2154 1293 2197 MCLXXII.

178 2261 392 2305 GRANT
443 2262 530 2305 BY
580 2262 816 2315 PHILIP,
859 2262 978 2305 SON
1028 2262 1161 2305 AND
1214 2262 1377 2305 HEIR
1428 2262 1506 2305 OF
1554 2263 1724 2305 JOHN
1773 2263 2118 2306 MAUNSELL

322 2352 399 2395 OF
431 2353 708 2406 OXWIOH,
741 2353 817 2396 TO
849 2353 995 2396 DOM.
1031 2353 1322 2397 WILLIAM
1356 2352 1601 2406 ORESSY,
1633 2353 1827 2397 VIGAR
1859 2353 1936 2396 OF
1967 2354 2116 2396 LAN-

321 2443 600 2495 GENYTH,
646 2444 782 2487 AND
835 2444 1094 2496 OTHERS,
1148 2444 1225 2486 OF
1275 2443 1401 2485 ALL
1450 2443 1558 2486 HIS
1608 2444 1815 2487 LANDS
1866 2444 1938 2487 IN
1988 2445 2116 2487 THE

319 2534 653 2578 DENOESNES
695 2535 773 2578 OF
815 2535 1043 2578 GOWER
1082 2534 1215 2577 ANL·
1258 2534 1619 2578 KIDWELLY.

892 2642 1122 2699 [MARGAM
1154 2641 1409 2698 CHARTER.]

1287 2751 1340 2791 14
1371 2749 1493 2792 Mu.
1554 2750 1609 2791 22
1641 2750 1764 2792 ΗΕΝ.
1788 2750 1870 2794 VI.
1934 2752 2057 2792 1444.

233 2855 376 2898 Sciant
397 2871 438 2911 p.
463 2860 504 2898 et
525 2857 556 2899 f.
580 2872 619 2913 q.
643 2873 678 2900 e.
701 2857 953 2900 PHILLIPUS
974 2857 1240 2899 MAUNsELL'
1264 2858 1290 2898 f.
1314 2861 1355 2898 et
1376 2857 1416 2898 h.
1440 2856 1470 2899 J
1472 2871 1671 2898 OHANNIS
1693 2857 1755 2898 M.
1779 2858 1832 2898 de
1852 2857 2116 2899 OXYNWYCH

174 2946 221 2988 in
254 2947 458 2989 comitatu
491 2947 664 2990 GOVAR’
687 2948 786 2989 dedi
819 2948 1000 2990 concessi
1027 2951 1069 2990 et
1096 2947 1174 2989 hac
1195 2963 1234 3002 p.
1259 2962 1290 2989 c.
1314 2962 1369 2988 m.
1393 2947 1636 2989 confirmavi
1669 2948 1839 2989 domino
1861 2947 2116 2989 WILLELMO

175 3036 343 3079 CRESSY
366 3038 518 3080 vicario
539 3039 591 3080 de
624 3038 914 3080 LANGENYTH
946 3039 976 3082 J
979 3053 1155 3080 OHANNI
1189 3037 1454 3080 MAUNSELL’
1477 3038 1564 3091 filio
1585 3046 1627 3079 eb
1648 3037 1793 3079 heredi
1813 3052 1906 3079 meo
1928 3037 2113 3080 RoGERo
