2386 3645
1938 275 2048 317 1423

103 469 218 514 sibus
237 471 392 513 nostris
412 471 464 513 de
486 470 599 513 vfflae
620 475 776 514 nostrae
797 472 1011 528 praedictae
1032 473 1196 516 ratione
1215 474 1617 528 merchandizarum,
1635 492 1710 520 nec
1731 478 1882 535 aliquis
1902 484 2045 523 teneat

102 561 263 605 seldam
283 565 474 618 apertam
495 562 548 604 de
569 561 782 618 aliquibus
803 562 1109 606 merchandjzis
1128 579 1206 607 nec
1226 564 1450 608 tabernam
1470 581 1547 609 nec
1576 568 1682 609 cerff
1711 568 1841 611 faciat
1869 570 1914 612 in
1944 571 2045 613 villa

100 653 304 709 praedicta
334 652 417 695 nisi
437 652 570 695 suerit
590 667 687 695 cum
706 652 922 709 praedictis
949 652 1232 710 burgensibus
1252 655 1392 698 lotans
1412 660 1455 699 et
1475 661 1638 700 scotans
1659 662 1701 701 et
1721 659 1834 702 infra
1854 661 2045 716 guildam

99 743 309 787 libertatis
338 758 484 786 eorum
514 746 718 799 receptus,
781 742 963 786 Necnon
991 745 1269 788 concessimus
1290 745 1449 789 eisdem
1468 746 1750 805 burgensibus
1770 751 1884 806 quod
1904 751 1984 806 ipsi
2004 755 2046 794 et

101 834 290 877 haeredes
318 849 464 877 eorum
495 834 690 891 guildam
719 834 857 877 facere
888 835 1050 890 possint
1080 850 1164 892 quo
1192 839 1381 893 tempore
1402 840 1445 880 et
1465 838 1802 894 quandocunque
1822 841 2045 892 voluerint,

102 927 156 969 ad
182 926 419 982 proficuum
447 926 636 981 ipsorum
662 928 705 968 et
735 926 850 982 quod
884 926 1085 983 distringi
1119 942 1207 970 non
1242 927 1426 971 debeant
1458 944 1535 985 pro
1567 929 1721 972 debitis
1755 930 1938 986 alicujus
1964 931 2045 973 nisi

101 1017 312 1060 debitores
347 1020 423 1059 aut
457 1016 590 1073 plegii
625 1031 701 1072 pro
735 1017 884 1060 eodem
919 1016 1095 1069 fuerint,
1129 1021 1172 1061 et
1204 1019 1318 1074 quod
1353 1019 1483 1062 libere
1521 1020 1678 1063 falcare
1711 1021 1871 1077 possint
1903 1036 2048 1064 omnes

101 1123 243 1151 ruscos
262 1111 305 1151 et
324 1108 471 1151 fodere
491 1122 637 1151 omnes
658 1107 804 1165 glebas
824 1123 900 1164 pro
930 1108 1138 1151 focalibus
1169 1113 1211 1152 et
1241 1111 1404 1166 lapides
1433 1126 1509 1167 pro
1539 1126 1685 1154 eorum
1714 1112 1966 1163 necessariis,
1998 1113 2043 1154 in

102 1200 260 1243 eisdem
282 1199 460 1242 brueriis
489 1203 733 1252 crescentes,
755 1203 798 1242 et
816 1199 1003 1243 habeant
1032 1216 1168 1243 unum
1199 1217 1423 1245 messorem
1454 1203 1508 1245 ad
1537 1202 1645 1246 bene
1675 1207 1718 1246 et
1747 1203 1928 1246 fideliter
1958 1219 2046 1246 cus-

102 1290 354 1333 todiendum
374 1289 597 1346 praedictos
617 1304 760 1332 ruscos
781 1289 927 1346 glebas
948 1294 990 1333 et
1011 1290 1173 1347 lapides
1194 1293 1308 1348 quod
1339 1308 1463 1335 nemo
1487 1293 1616 1336 falcet
1636 1293 1796 1336 ibidem
1816 1309 1893 1336 nec
1913 1293 2049 1336 fodiat

100 1384 255 1438 praeter
282 1380 516 1437 burgenses
555 1380 668 1422 villae
700 1384 855 1423 nostrae
886 1382 1100 1437 praedictae
1131 1388 1173 1425 et
1209 1383 1244 1426 si
1274 1383 1438 1439 aliquos
1470 1384 1573 1427 alios
1604 1384 1762 1427 ibidem
1792 1399 2050 1440 manuopere

102 1472 298 1515 inveniat
316 1472 428 1528 ipsos
449 1472 672 1514 attachiari
693 1471 824 1514 faeiat
844 1476 887 1515 et
915 1473 1295 1516 attachiamentum
1326 1478 1539 1530 presentet
1569 1475 1624 1517 ad
1644 1475 1916 1517 hundredum
1935 1475 2049 1517 villae

101 1567 257 1607 nostrae
277 1563 492 1619 praedictae
513 1567 557 1605 et
577 1563 663 1606 sint
682 1563 743 1606 ibi
764 1563 981 1606 amerciati
1002 1565 1234 1607 secundum
1254 1565 1540 1621 quantitatem
1561 1566 1716 1608 delicti.

162 1655 346 1712 Insuper
394 1655 672 1698 concessimus
721 1654 935 1710 praedictis
984 1654 1266 1711 burgensibus
1316 1657 1430 1711 quod
1480 1671 1625 1699 omnes
1673 1660 1922 1706 mercatores
1962 1660 2051 1698 tam

101 1746 298 1803 pannarii
319 1747 518 1789 cerdones
538 1745 750 1801 pelliparii
771 1745 1064 1789 chirothecarii
1092 1761 1220 1802 quam
1251 1747 1325 1789 alii
1354 1747 1510 1789 diversi
1543 1747 1616 1803 qui
1649 1762 1701 1789 ex
1726 1746 1969 1789 venditione
2006 1753 2046 1789 et

101 1837 315 1893 emptione
335 1837 484 1879 vivant
503 1836 618 1879 infra
639 1837 879 1880 dominium
901 1843 1092 1880 nostrum
1114 1837 1462 1880 GLAMORGANIAE
1495 1840 1537 1880 et
1571 1837 1833 1880 MoRGANIAE
1867 1837 2049 1879 residere

103 1928 285 1972 debeant
304 1929 351 1971 in
372 1928 475 1971 villa
495 1929 547 1971 de
568 1927 711 1985 burgh
732 1931 775 1971 et
794 1943 882 1971 non
902 1928 1065 1982 upland
1098 1931 1141 1971 et
1165 1929 1429 1971 omnimodas
1458 1928 1773 1971 merchandizas
1804 1928 1963 1970 faciant
1999 1927 2047 1969 in

101 2020 308 2063 nundinis
328 2019 446 2062 feriis
467 2022 509 2062 et
529 2019 576 2061 in
596 2019 709 2061 villis
729 2020 782 2062 de
803 2019 944 2076 burgh
966 2023 1007 2062 et
1027 2035 1114 2062 non
1135 2019 1250 2062 alibi.
1311 2019 1373 2062 Et
1403 2019 1532 2062 etiam
1564 2019 1677 2075 quod
1712 2033 1858 2062 omnes
1888 2033 2046 2061 merca-

100 2114 212 2154 tores
236 2126 332 2153 cum
365 2125 511 2153 eorum
546 2110 853 2153 merchandizis
881 2110 984 2153 alibi
1013 2125 1100 2153 non
1127 2114 1345 2153 transeant
1375 2125 1504 2166 quam
1532 2125 1607 2166 per
1633 2110 1796 2166 regales
1831 2110 1944 2152 vicos
1974 2125 2048 2165 per

99 2202 222 2245 villas
242 2202 295 2244 de
314 2201 468 2257 burgh.
529 2200 602 2243 Ita
632 2202 747 2257 quod
774 2216 851 2244 nos
881 2216 957 2244 nec
986 2201 1160 2245 heredes
1190 2202 1323 2244 nostri
1355 2202 1567 2244 tolnetum
1601 2205 1793 2244 nostrum
1825 2215 1902 2243 nec
1935 2200 2038 2242 alias

102 2300 316 2336 custumas
337 2292 459 2336 nobis
480 2292 644 2336 debitas
665 2293 809 2349 aliquo
829 2297 1018 2349 tempore
1039 2293 1297 2336 amittamus.

159 2383 450 2427 Concessimus
490 2398 588 2426 vero
628 2383 804 2440 prefatis
837 2383 1120 2440 burgensibus
1159 2384 1312 2426 nostris
1348 2384 1461 2439 quod
1496 2398 1571 2439 per
1605 2382 1915 2425 ordinationem
1948 2396 2044 2424 con-

99 2474 320 2517 stabularii
358 2474 538 2530 predicti
588 2474 875 2517 ordinationes
916 2479 959 2516 et
991 2474 1263 2517 clamationes
1294 2474 1425 2517 libere
1459 2474 1594 2516 facere
1626 2476 1800 2529 possunt
1836 2473 1888 2514 de
1921 2472 2049 2514 assiza

97 2565 220 2621 panis
249 2569 291 2608 et
322 2564 511 2608 cervisiae
543 2568 586 2607 et
615 2565 668 2606 de
703 2565 798 2607 aliis
831 2564 1008 2608 diversis
1043 2564 1169 2608 rebus
1203 2566 1258 2607 ad
1295 2565 1560 2607 voluntatem
1596 2564 1832 2607 eorundum
1865 2563 2043 2604 eandem

99 2655 246 2698 villam
266 2654 545 2712 tangentibus
566 2655 906 2712 quandocunque
936 2670 1100 2698 necesse
1130 2655 1262 2698 fuerit
1282 2656 1337 2698 ad
1357 2654 1696 2698 emendationem
1717 2653 1831 2695 illius
1860 2652 1973 2694 villae
1999 2657 2040 2694 et

99 2745 335 2801 proficuum
354 2744 516 2800 populi.

157 2834 389 2878 Noveritis¹
409 2834 538 2876 etiam
559 2834 672 2890 quod
687 2833 802 2877 idem
823 2834 1054 2892 burgenses
1068 2835 1230 2878 fuerint
1251 2835 1376 2892 ligati
1390 2850 1466 2891 per
1485 2833 1756 2877 clamationes
1775 2832 1821 2874 in
1837 2831 2040 2875 comitatu

97 2928 240 2969 nostro
261 2924 562 2968 GLAMORGAN‘
585 2924 728 2980 aliquo
758 2928 948 2981 tempore
980 2926 1114 2969 factas
1149 2932 1191 2968 et
1226 2927 1339 2982 quod
1373 2925 1558 2968 habeant
1595 2924 1810 2980 prisonam
1841 2936 1960 2965 suam
1992 2922 2038 2963 in

99 3017 247 3059 eadem
266 3015 369 3058 villa
389 3019 533 3058 nostra
552 3015 607 3057 ad
627 3015 919 3058 malefactores
939 3019 982 3059 et
1000 3016 1175 3059 rebelles
1195 3016 1354 3059 ibidem
1374 3015 1667 3071 custodiendos
1697 3016 1740 3056 et
1772 3013 2039 3069 castigandos
2090 3018 2093 3020 ’

608 3126 645 3139 V
