2386 3645
332 297 444 339 1286

1195 699 1306 742 MX.

573 805 704 848 THE
746 805 1010 848 RETURN
1050 805 1126 848 ΤΟ
1169 806 1299 848 THE
1340 805 1705 848 PREOEDING
1745 804 1926 848 WRIT.

313 914 461 956 PLEAs
491 929 547 957 AT
578 913 916 958 WESTMINSTER
947 928 1118 955 BEFORE
1150 913 1311 955 Roemz
1341 927 1399 954 DE
1430 912 1619 964 SEYTON‚
1652 912 1781 954 Lem)
1814 911 1961 954 CfflEF
1992 911 2022 954 J
2025 926 2175 954 USTICE

818 1019 871 1045 OF
902 1018 993 1045 THE
1026 1003 1176 1046 GOURT
1206 1017 1260 1045 OF
1292 1002 1487 1045 COMMON
1519 1003 1678 1046 PLEAS.

996 1110 1178 1164 [PRO.
1212 1125 1270 1152 UT
1301 1109 1491 1166 SUPRA.]

328 1219 494 1262 Placita
522 1220 636 1275 apud
659 1218 1121 1262 WESTMONASTERIUM
1150 1233 1290 1259 coram
1309 1217 1514 1273 magistro
1537 1217 1722 1260 ROGERO
1744 1219 1796 1259 de
1820 1217 2013 1260 SEYTON’
2037 1220 2080 1260 et
2101 1218 2220 1261 sociis

270 1310 357 1353 suis
391 1310 636 1367 justiciariis
668 1309 832 1351 domini
868 1309 1002 1365 Regis
1034 1309 1086 1351 de
1122 1308 1268 1351 Banco
1301 1310 1353 1351 de
1384 1309 1565 1351 termino
1597 1309 1757 1351 Pasche
1789 1324 1900 1351 anno
1932 1310 2055 1364 regni
2087 1309 2221 1365 Regis

273 1400 499 1443 EDWARDI
521 1401 599 1443 filii
620 1400 753 1456 Regis
774 1400 979 1442 HENRICI
1001 1402 1131 1441 sexto.
1199 1399 1330 1454 (AD.
1356 1400 1499 1454 1278.)

325 1491 611 1535 WILLELMUS
642 1492 694 1533 de
726 1490 878 1532 BELLO
911 1490 1066 1533 OAMPO
1099 1505 1236 1532 eomes
1268 1489 1557 1533 WARREW101
1594 1490 1701 1545 petit
1734 1505 1882 1532 versus
1921 1490 2222 1534 WILLELMUM

271 1583 323 1625 de
344 1582 527 1625 BREUSE
548 1585 732 1624 castrum
753 1583 805 1624 de
827 1580 1102 1623 SWYNESEYE
1125 1583 1166 1623 et
1187 1583 1322 1623 totam
1343 1584 1499 1623 terram
1517 1582 1568 1623 de
1591 1580 1821 1623 GOWEYRE
1843 1582 1888 1623 in
1909 1580 2107 1624 WALHA
2129 1597 2225 1625 cum

274 1674 543 1731 pertinentiis
576 1676 626 1715 ut
654 1673 727 1728 jus
762 1688 886 1715 suum
910 1688 986 1728 per
1019 1705 1204 1716 .....
1238 1672 1298 1714 Et
1327 1673 1440 1714 unde
1462 1672 1566 1714 dicit
1597 1673 1710 1728 quod
1742 1673 1917 1727 quidam
1944 1672 2224 1715 WILLELMUS

271 1768 506 1807 antecessor
538 1780 637 1806 suus
666 1764 753 1806 fuit
783 1764 948 1806 seisitus
981 1764 1033 1806 de
1062 1763 1263 1820 predictis
1292 1763 1547 1805 tenementis
1582 1766 1770 1818 tempore
1804 1763 1919 1819 pacis
1955 1766 1997 1806 et
2036 1766 2223 1820 tempore

274 1856 436 1899 domini
472 1856 678 1898 HENRICI
712 1855 846 1911 Regis
878 1855 1025 1911 proavi
1056 1855 1219 1897 domini
1253 1854 1387 1911 Regis
1419 1870 1533 1897 nunc
1566 1855 1770 1910 capiendo
1805 1855 1907 1897 inde
1943 1855 2131 1911 expleeia
2170 1856 2225 1898 ad

275 1947 523 1999 valenciam,
546 1948 622 1988 etc.

331 2037 392 2079 Et
425 2038 477 2079 de
508 2037 599 2092 ipso
633 2036 891 2080 WILLELMO
926 2036 1001 2092 qui
1041 2035 1146 2078 obiit
1186 2035 1276 2078 sine
1310 2035 1463 2078 herede
1504 2036 1557 2078 de
1598 2051 1640 2078 se
1681 2036 1900 2078 descendit
1942 2036 2014 2092 jus
2058 2036 2227 2079 cuidam

276 2128 548 2173 WALRANDO
569 2130 618 2170 ut
637 2128 762 2170 fratri
783 2131 826 2170 et
845 2127 1003 2170 heredi.

334 2218 396 2261 Et
416 2220 468 2262 de
488 2219 580 2274 ipso
601 2218 875 2262 WALRANDO
896 2218 1114 2260 descendit
1134 2218 1205 2274 jus
1226 2218 1394 2260 cuidam
1415 2217 1630 2260 HEcho
1651 2221 1701 2260 ut
1720 2218 1808 2260 filio
1831 2221 1873 2260 et
1892 2218 2050 2260 heredi.

330 2310 391 2352 Et
413 2311 465 2352 de
485 2310 576 2366 ipso
597 2309 812 2352 HEcho
833 2309 1003 2352 cuidam
1025 2309 1191 2351 ΤΗΟΜΕ
1213 2311 1262 2351 ut
1284 2309 1371 2351 filio
1395 2314 1438 2351 et
1457 2309 1619 2351 heredi.

338 2402 400 2444 Et
421 2402 473 2443 de
494 2401 585 2457 ipso
613 2400 782 2443 ΤΗΟΜΑ
804 2400 877 2456 qui
899 2400 1005 2443 obiit
1025 2401 1115 2442 sine
1139 2400 1293 2442 herede
1314 2401 1366 2442 de
1388 2415 1429 2441 se
1457 2400 1675 2442 descendit
1694 2399 1765 2456 jus
1787 2400 1956 2442 cuidam
1976 2400 2228 2443 MARGERIE

280 2494 331 2535 ut
351 2492 482 2534 sorori
502 2494 545 2534 et
565 2491 723 2534 heredi.

334 2582 396 2625 Et
431 2584 483 2624 de
517 2582 610 2638 ipsa
658 2582 912 2625 MARGEmA
948 2599 1029 2639 que
1062 2583 1167 2625 obiit
1202 2583 1292 2625 sine
1325 2583 1478 2625 herede
1509 2583 1561 2624 de
1597 2595 1640 2623 se
1675 2581 1926 2623 resoreiebat
1950 2580 2022 2636 jus
2058 2581 2227 2623 cuidam

279 2673 520 2717 WALRANO
549 2673 675 2715 fratri
706 2674 885 2729 predicti
915 2673 1121 2716 HENRICI
1153 2674 1286 2730 patris
1315 2674 1602 2730 predictorum
1632 2671 1798 2714 ΤΗΟΜΕ
1830 2674 1873 2713 et
1896 2672 2147 2714 MARGERIE
2177 2674 2227 2715 ut

285 2765 495 2807 avunculo
517 2766 560 2806 et
578 2764 738 2806 heredi.

339 2854 400 2896 Et
433 2855 485 2896 de
514 2854 620 2910 ipso¹
656 2853 897 2898 WALRANO
928 2855 1002 2911 qui
1032 2855 1137 2898 obiit
1167 2855 1256 2898 sine
1288 2855 1439 2897 herede
1471 2855 1523 2896 de
1554 2869 1596 2896 se
1627 2853 1796 2895 cuidam
1825 2852 1990 2895 Amcm
2021 2855 2069 2895 ut
2100 2853 2231 2896 sorori

287 2948 331 2987 et
350 2945 506 2988 heredi.

341 3036 402 3078 Et
422 3037 473 3078 de
494 3036 586 3092 ipsa
605 3035 770 3078 Amen
792 3036 1008 3079 deseendit
1027 3037 1099 3093 jus
1119 3037 1287 3079 cuidam
1308 3037 1565 3080 WILLELMo
1587 3037 1637 3077 ut
1658 3034 1746 3076 filio
1768 3037 1810 3076 et
1829 3033 1986 3076 heredi.
