2386 3645
280 293 389 335 1370

215 501 405 543 decetero
437 501 668 557 poterimus
703 503 872 558 exigere
905 517 979 545 seu
1010 502 1230 545 vendicare
1266 503 1339 544 sed
1373 502 1427 544 ab
1457 502 1574 544 omni
1606 501 1772 543 accione
1802 500 1910 556 juris
1940 502 1983 542 et
2012 499 2162 542 clamei

215 591 346 633 simus
377 592 535 634 exclusi
568 593 892 649 imperpetuum.
961 593 1020 635 Et
1050 608 1130 649 ego
1155 608 1253 636 vero
1276 593 1464 650 predicta
1493 593 1782 635 MARGARETA
1808 592 2090 633 BAWDEWYN
2121 593 2162 632 et

216 681 390 725 heredes
421 684 504 724 mei
532 683 675 726 omnia
701 684 892 740 predicta
919 686 1051 726 terras
1078 687 1121 726 et
1151 687 1396 727 tenementa
1416 686 1538 740 prata
1557 683 1748 726 redditus
1768 684 1961 738 pasturas
1982 684 2024 723 et
2043 684 2162 723 vasta

214 788 310 816 cum
331 774 416 816 suis
437 774 708 829 pertinenciis
728 775 915 830 predicto
939 774 1197 817 WILLELMO
1225 776 1278 817 de
1309 774 1578 817 STRADLYNG
1609 772 1835 816 heredibus
1863 774 1905 814 et
1932 771 2158 828 assignatis

213 866 300 907 suis
320 868 466 908 contra
487 880 631 909 omnes
652 868 800 921 gentes
820 864 1188 908 warantizabimus
1210 865 1543 921 acquietabimus
1559 868 1601 907 et
1620 865 1934 920 imperpetuum
1955 862 2155 905 defende-

210 969 317 997 mus.
379 955 435 998 In
476 956 599 1013 cujus
638 957 699 998 rei
738 956 1030 998 testimonium
1071 955 1170 998 huic
1209 957 1395 1012 presenti
1432 956 1586 1011 scripto
1626 970 1720 998 meo
1771 954 1962 1011 sigillum
2011 967 2155 996 meum

209 1046 396 1102 apposui.
450 1047 553 1089 Hiis
569 1046 770 1089 testibus.
787 1046 817 1089 J
820 1061 1007 1088 OHANNE
1022 1045 1237 1088 NORREYS
1258 1047 1418 1089 milite.
1436 1047 1656 1089 -JOHANNE
1679 1046 1893 1088 BOTELER
1911 1079 1919 1088 .
1937 1044 1967 1087 J
1970 1059 2157 1087 OHANNE

210 1135 396 1179 Romam
419 1171 427 1178 .
451 1136 719 1179 LAURENCIO
740 1138 792 1179 de
813 1136 952 1179 ANNE
976 1171 983 1179 .
1007 1136 1036 1179 J
1040 1151 1227 1178 OHANNE
1250 1136 1496 1179 HAYWARD
1517 1140 1560 1179 et
1580 1137 1686 1179 aliis.

265 1226 431 1269 Datum
460 1228 597 1284 primo
629 1228 697 1269 die
729 1228 883 1270 mensis
914 1226 1138 1269 Februarii
1168 1242 1280 1269 anno
1310 1228 1434 1283 regni
1466 1227 1599 1283 Regis
1630 1226 1826 1269 RmARm
1860 1227 2033 1269 secundi
2064 1231 2156 1281 post

206 1320 484 1373 conquestum
505 1318 813 1361 terciodecimo.

266 1407 423 1450 Round
445 1409 531 1451 seal
551 1409 596 1450 in
617 1410 693 1452 red
713 1424 820 1451 wax.
882 1409 925 1450 A
956 1409 1093 1451 shield
1114 1409 1159 1451 of
1189 1424 1328 1451 arms:
1362 1409 1573 1464 diapered,
1597 1424 1651 1451 on
1682 1424 1707 1450 a
1737 1408 1850 1451 chief
1879 1424 1903 1451 a
1934 1408 2157 1451 demi-lion

205 1502 404 1555 rampant
423 1500 599 1557 issuing.
662 1500 754 1542 The
774 1500 910 1543 shielcl
930 1501 965 1543 is
985 1500 1137 1543 within
1157 1516 1183 1543 a
1202 1500 1354 1543 border
1374 1500 1419 1543 of
1448 1501 1627 1544 delicate
1647 1516 1771 1556 wavy
1791 1501 1962 1557 foliage.

261 1589 556 1633 Endorsed--‘
571 1590 817 1647 Margareta
838 1591 1075 1647 Badewyn,
1097 1591 1307 1634 relaxacio
1329 1593 1381 1634 de
1401 1591 1524 1634 terris
1545 1592 1697 1647 emptis
1717 1592 1762 1634 in
1793 1591 1948 1635 Sancto
1968 1591 2154 1635 Donato.

204 1679 434 1723 Relaxacio
454 1696 530 1736 per
549 1682 771 1725 dominum
793 1683 844 1725 de
865 1682 1058 1725 Landow
1079 1683 1131 1724 de
1152 1683 1274 1726 terris
1293 1683 1340 1725 in
1361 1683 1465 1726 Sent
1487 1681 1704 1725 Donetes.'

1092 2073 1270 2116 MLXI.

206 2178 421 2222 GRANT
476 2179 563 2222 BY
612 2179 642 2222 J
646 2178 821 2222 EVAN
882 2179 1156 2223 VAGHAN
1210 2180 1292 2223 ΑΡ
1342 2180 1371 2224 J
1375 2180 1551 2225 EVAN
1600 2182 1683 2225 ΑΡ
1733 2183 2026 2227 WILLIAM
2076 2183 2152 2227 ΤΟ

349 2269 651 2314 LEWELIN
691 2269 773 2313 ΑΡ
813 2270 843 2313 J
846 2270 1023 2314 EVAN
1063 2271 1336 2314 VAGHAN
1377 2271 1459 2314 ΑΡ
1499 2272 1529 2315 J
1531 2272 1702 2317 EVAN
1746 2273 1828 2317 ΑΡ
1861 2274 2153 2318 WILLIAM

350 2361 428 2404 OF
469 2360 645 2404 LAND
685 2360 769 2403 AT
809 2360 1219 2405 KELLIOERON
1259 2362 1333 2406 IN
1372 2363 1807 2408 TIREZALLTH’.

916 2468 1148 2525 [MARGAM
1190 2469 1446 2527 CHARTER]

328 2559 530 2601 MoNDAY
562 2573 733 2601 BEFORE
765 2558 834 2602 ST.
869 2559 1096 2602 GEORGE'S
1126 2560 1241 2603 DAY.
1308 2562 1359 2603 13
1393 2561 1491 2606 R1c.
1524 2561 1588 2605 Π.
1651 2564 1706 2605 25
1738 2563 1901 2606 Amin„
1967 2566 2090 2608 1390.

267 2667 413 2709 Sciant
440 2668 654 2722 presentes
674 2670 717 2709 et
747 2666 899 2709 ffuturi
930 2669 1044 2723 quod
1074 2683 1154 2724 ego
1183 2668 1213 2712 J
1218 2683 1339 2711 EVAN
1369 2669 1573 2713 VAGHAN
1605 2686 1658 2726 ap
1679 2671 1708 2714 J
1712 2686 1832 2714 EVAN
1854 2687 1907 2728 ap
1929 2671 2151 2716 WILL1AM

201 2758 300 2801 dedi
321 2756 502 2800 concessi
522 2760 565 2799 et
584 2756 663 2799 hac
683 2758 869 2813 presenti
890 2762 1005 2801 carta
1025 2774 1120 2801 mea
1137 2758 1422 2816 [confirmavi]
1439 2759 1690 2803 LEWELrNo
1706 2777 1759 2818 ap
1776 2762 1805 2805 J
1810 2777 1929 2805 EvAN
1946 2762 2149 2807 VAGHAN

201 2863 255 2905 ap
276 2848 306 2891 J
309 2862 430 2890 EVAN
452 2862 505 2903 ap
528 2846 749 2891 WILLIAM
771 2863 916 2891 omnes
937 2852 1069 2893 terras
1089 2865 1203 2893 meas
1224 2852 1336 2907 apud
1369 2851 1665 2895 KELLICERON
1686 2853 1732 2894 in
1762 2854 1901 2909 patria
1931 2855 1984 2896 de
2015 2853 2150 2904 TIRE-

202 2938 388 2982 ZALLTH'
410 2938 606 2980 videlicet
626 2938 739 2981 inter
758 2942 915 2982 terram
945 2940 974 2983 J
979 2955 1099 2983 EVAN
1130 2957 1184 2997 ap
1215 2941 1371 2984 Dum
1392 2957 1445 2998 ap
1467 2942 1496 2985 J
1500 2957 1619 2985 EVAN
1641 2959 1694 2999 ap
1717 2943 1939 2987 WILLIAM
1960 2960 2013 2987 ex
2032 2949 2152 3002 parte

199 3030 350 3074 boriali
381 3011 425 3071 et
459 3028 621 3071 LLENY
655 3044 708 3072 ex
740 3033 861 3086 parte
896 3031 1092 3074 orientali
1128 3035 1171 3075 et
1205 3035 1363 3075 terram
1396 3033 1583 3075 MEURIC
1618 3048 1671 3090 ap
1706 3033 1874 3076 Pmmp
1907 3034 1981 3091 [ex
2012 3036 2147 3092 parte]
