2386 3645
1901 278 2011 320 1179

128 487 357 545 garbarum
392 487 448 528 ad
482 486 641 527 dictam
681 484 897 527 ecclesiam
937 484 990 526 de
1025 482 1280 535 KENEFEG',
1303 487 1345 525 et
1380 483 1435 524 ad
1475 497 1620 525 omnes
1659 483 1840 538 capellas
1878 484 2070 540 ejusdem

127 578 297 622 ecclesie
332 577 593 633 pertinentes
632 590 681 617 ac
720 575 854 618 eciam
893 589 1038 617 omnes
1073 573 1257 616 decimas
1293 573 1454 629 proprii
1491 573 1646 616 laboris
1685 575 1979 628 provenientes
2018 576 2071 617 de

127 668 326 725 parochia
366 667 537 710 ecclesie
576 668 629 709 de
670 666 802 708 Novo
843 664 1013 707 CASTRO
1050 697 1060 707 .
1095 679 1260 707 necnon
1299 679 1444 706 omnes
1483 665 1667 706 decimas
1707 665 1935 720 garbarum
1975 681 2071 708 cum

128 758 327 801 omnibus
346 757 514 814 juribus
535 756 821 799 ecclesiasticis
841 757 896 798 ad
916 756 1074 798 dictam
1105 755 1321 798 ecclesiam
1342 756 1395 797 de
1416 754 1544 797 Novo
1567 755 1737 797 CAsTRo
1764 756 2075 811 pertinentibus

129 853 170 892 et
201 863 346 891 omnes
381 849 566 890 decimas
593 846 823 903 garbarum
852 846 1108 902 capellarum
1138 846 1190 887 de
1222 845 1530 887 LAWELESTON
1561 879 1569 887 .
1603 849 1646 888 et
1678 845 1952 887 TEGESTOWE
1986 880 1994 887 .
2022 862 2075 888 ex

129 939 393 982 concessione
407 942 449 980 et
465 939 547 980 don
553 938 697 979 acione
710 937 1003 993 religiosorum
1021 936 1207 979 virorum
1220 935 1384 978 abbatis
1397 940 1439 978 et
1453 941 1684 978 conventus
1691 937 1743 978 de
1757 936 2077 979 TEOKESBURIA

129 1031 176 1072 in
195 1034 446 1086 perpetuam
466 1030 634 1071 firmam
656 1044 698 1070 se
719 1029 910 1084 optinere
929 1029 1242 1084 pretendentes,
1266 1029 1320 1070 ad
1341 1029 1650 1070 ostendendum
1671 1031 1714 1070 et
1733 1027 2020 1070 exhibendum
2042 1029 2077 1071 si

130 1122 236 1176 quid
255 1136 331 1177 pro
353 1135 395 1162 se
414 1120 620 1162 haberent
642 1135 771 1175 quare
799 1119 1047 1175 hujusmodi
1075 1120 1242 1161 firmam
1273 1118 1521 1161 detinebant
1551 1125 1697 1160 contra
1717 1119 1815 1174 jura
1840 1152 1848 1160 .
1870 1120 1924 1161 ad
1946 1126 2079 1161 certos

133 1213 246 1254 diem
270 1215 312 1254 et
341 1212 483 1254 locum
511 1210 793 1266 peremptorie
824 1211 1047 1252 fecerimus
1075 1211 1251 1260 evocari,
1274 1210 1347 1265 qui
1377 1225 1452 1265 per
1478 1210 1656 1252 fratrem
1684 1209 1888 1251 ΤΗΟΜΑΜ
1919 1210 2079 1252 ΒΕΝΕΤ

129 1302 386 1344 monachum
406 1302 517 1344 dicte
547 1303 697 1343 domus
728 1308 1043 1356 procuratorem
1072 1301 1325 1343 sufficienter
1352 1301 1631 1343 coustitutum
1658 1302 1713 1342 ad
1742 1301 1874 1343 dictos
1895 1301 2009 1343 diem
2034 1306 2077 1343 et

132 1395 272 1436 locum
313 1396 653 1449 comparuerunt,
685 1393 798 1434 dicto
836 1396 1106 1448 procuratore
1141 1392 1410 1434 munimenta
1441 1397 1483 1434 et
1515 1393 1800 1434 instrumenta
1827 1393 2080 1448 quamplura

125 1486 347 1528 *occasione
387 1485 497 1527 dicte
537 1485 656 1526 firme
693 1485 864 1526 nomine
900 1484 1186 1539 predictorum
1225 1484 1519 1539 religiosorum
1560 1483 1744 1525 virorum
1787 1485 1839 1526 de
1880 1483 2081 1526 MARGAN

135 1576 323 1632 predicta
344 1576 585 1622 exhibente,
607 1576 901 1630 instanterque
922 1578 1094 1631 petente
1115 1576 1286 1617 nomine
1307 1576 1578 1617 dominorum
1605 1590 1777 1617 suorum
1798 1575 2083 1630 predictorum

135 1672 184 1709 ut
215 1673 314 1723 pote
347 1667 601 1709 sufficienter
633 1675 675 1708 et
708 1666 919 1722 legittime
956 1667 1222 1708 munitorum
1251 1666 1304 1709 ab
1337 1667 1531 1709 examine
1566 1670 1709 1709 nostro
1745 1681 1788 1709 se
1821 1667 1981 1709 dimitti
2012 1682 2086 1722 per

137 1760 353 1802 decretum
386 1793 393 1800 .
426 1758 519 1802 Nos
549 1773 646 1800 vero
678 1773 803 1814 super
834 1757 1036 1800 exhibitis
1067 1758 1257 1800 volentes
1289 1758 1455 1813 plenius
1489 1758 1721 1801 deliberare
1753 1759 1807 1800 ad
1843 1759 2088 1802 faciendum

137 1864 262 1905 super
281 1850 439 1891 eisdem
461 1849 627 1905 prefato
644 1849 907 1904 procuratori
927 1849 1099 1890 nomine
1118 1849 1388 1891 dominorum
1409 1864 1580 1891 suorum
1597 1855 1731 1891 certos
1752 1849 1865 1891 diem
1887 1854 1929 1891 et
1949 1849 2090 1892 10011111

137 1941 384 1995 prefiximus
418 1975 426 1982 .
461 1940 628 1987 Quibus
656 1941 724 1982 die
746 1945 787 1983 et
813 1942 904 1983 loco
925 1939 1092 1996 prefato
1118 1944 1386 1996 procuratore
1407 1947 1456 1982 ut
1476 1941 1594 1996 prius
1618 1944 1886 1995 comparente
1905 1941 2090 1996 visisque

134 2031 429 2074 instrumentis
465 2035 507 2073 et
544 2032 824 2074 munimentis
858 2031 1048 2088 predicte
1089 2032 1210 2074 firme
1243 2032 1519 2074 concessionis
1549 2035 1592 2074 et
1623 2032 1812 2087 plenarie
1848 2032 2042 2074 discussis
2076 2065 2086 2075 .

138 2123 434 2178 premissisque
462 2123 556 2164 aliis
584 2138 665 2178 que
690 2123 1017 2178 requirebantur
1037 2123 1082 2164 in
1103 2123 1181 2164 hac
1201 2131 1322 2178 parte
1343 2123 1529 2178 prefatos
1550 2122 1747 2165 abbatem
1769 2127 1810 2165 et
1832 2129 2087 2165 conventum

138 2214 192 2256 de
214 2213 417 2255 MARGAN
440 2215 581 2269 quoad
609 2215 777 2256 firmam
798 2214 1007 2256 dictarum
1028 2214 1289 2256 decimarum
1319 2214 1571 2256 sufficienter
1591 2215 1778 2256 munitos
1798 2214 1843 2256 in
1864 2229 2087 2270 personam

141 2304 244 2346 dicti
272 2305 554 2360 procuratoris
589 2305 643 2347 ab
679 2305 875 2347 examine
907 2308 1051 2348 nostro
1088 2305 1327 2347 dimisimus
1366 2321 1441 2360 per
1479 2306 1709 2348 decretum.
1784 2305 1839 2347 In
1876 2305 1998 2361 cujus
2027 2305 2090 2347 rei

138 2395 431 2438 testimonium
452 2396 645 2453 sigillum
664 2400 859 2438 nostrum
879 2396 1146 2452 presentibus
1165 2397 1344 2439 fecimus
1365 2397 1535 2453 apponi.

197 2487 364 2529 Datum
413 2488 528 2543 apud
569 2487 860 2530 WORLETONE
907 2494 992 2529 xum·
1032 2487 1203 2530 kalend'
1245 2488 1436 2545 Augusti
1486 2503 1598 2530 anno
1639 2487 1818 2530 Domini
1867 2488 2093 2529 millesimo

136 2585 267 2620 cocum·
307 2578 517 2621 tricesimo
560 2580 755 2621 secundo.

200 2669 379 2708 Worleton,
394 2679 468 2699 now
490 2670 631 2709 Duffryn
654 2670 871 2700 St.Nich01as
892 2679 928 2700 or
949 2670 1098 2709 Golweh,
1114 2680 1180 2700 was
1202 2671 1281 2709 long
1301 2680 1320 2700 a
1342 2680 1455 2700 manor
1475 2670 1629 2701 attached
1651 2674 1686 2700 to
1708 2670 1763 2700 the
1785 2670 1844 2700 See
1865 2670 1899 2699 of
1920 2669 2082 2699 Llandaff.

153 2725 263 2755 About
284 2725 339 2755 the
360 2726 438 2756 time
460 2727 492 2756 of
514 2726 683 2756 Elizabeth
698 2727 754 2757 the
776 2726 909 2765 Bishop,
925 2727 1085 2765 probably
1102 2727 1253 2764 Kitchen,
1269 2728 1433 2765 conveyed
1460 2727 1486 2756 it
1500 2736 1605 2765 away,
1619 2726 1682 2755 and
1698 2726 1724 2755 it
1739 2726 1868 2756 became
1883 2725 1938 2754 the
1953 2729 2024 2755 seat
2047 2726 2081 2755 οἱ

152 2781 207 2810 the
221 2781 336 2821 family
351 2783 385 2811 of
401 2782 536 2813 Button.
578 2782 669 2812 Nash
685 2792 750 2811 was
765 2782 904 2812 another
919 2792 1032 2812 manor
1046 2782 1209 2813 alienated
1225 2783 1307 2813 from
1323 2783 1379 2813 the
1394 2783 1453 2812 See
1467 2783 1498 2811 in
1515 2783 1580 2812 like
1595 2781 1733 2812 sashion.
