2386 3645
301 270 412 312 1348

296 476 388 520 Nos
418 491 517 521 vero
537 477 741 521 beneficia
770 480 1085 535 quamplurima
1115 482 1158 523 et
1187 481 1359 537 pietatis
1389 495 1515 537 opera
1542 481 1666 523 dictae
1687 480 1870 523 ecclesiae
1891 479 2193 522 MENEVENSIS

238 570 282 610 et
301 568 605 611 successoribus
626 569 711 612 suis
732 570 936 626 episcopis
957 586 1004 613 ac
1025 571 1171 614 ceteris
1190 571 1323 628 ipsius
1342 572 1550 614 ministris
1579 572 1685 614 dum
1714 585 1892 627 sponsus
1921 571 2122 613 extiterat
2150 574 2193 613 et

237 659 284 701 in
304 659 504 703 humanis
538 660 695 717 agebat
726 664 769 703 et
800 664 897 717 post
931 662 1124 718 ejusdem
1163 663 1297 718 patris
1330 662 1494 705 obitum
1534 677 1586 704 ex
1623 663 1709 705 suis
1748 661 1912 704 collatis
1950 661 2194 718 perheniter

238 750 444 793 duratura
478 751 688 794 intuimus
722 753 988 795 revolventes
1022 753 1239 796 ecclesiam
1275 753 1559 809 parochialem
1599 754 1651 795 de
1692 752 2029 795 OYSTERMOUTH
2069 753 2194 795 dictae

236 841 446 884 dioceseos
485 842 610 898 cujus
643 842 865 899 hospitalis
899 846 1039 887 custos
1077 846 1282 900 patronus
1321 844 1467 887 existit
1507 846 1562 886 ad
1597 844 1951 886 sustentationem
1983 844 2194 886 dictorum

236 933 422 976 custodis
442 934 758 990 capellanorum
778 950 1015 991 pauperum
1035 938 1077 977 et
1098 935 1305 978 debilium
1329 936 1580 992 degentium
1606 936 1653 977 in
1680 936 1830 977 eadem
1859 938 1902 978 et
1923 938 1972 978 ut
1991 950 2195 978 numerus

236 1024 428 1067 fidelium
468 1028 512 1069 et
552 1026 690 1069 cultus
722 1027 893 1070 divinus
925 1027 1184 1083 amplientur
1214 1028 1260 1069 in
1300 1028 1449 1070 eadem
1489 1027 1678 1070 evidenti
1710 1027 1898 1070 utilitate
1939 1029 1982 1070 et
2020 1027 2196 1083 urgenti

234 1116 482 1158 necessitate
504 1117 828 1173 appropriamus
849 1118 901 1160 de
922 1132 1127 1160 consensu
1148 1117 1325 1174 capituli
1345 1118 1493 1170 nostri,
1525 1118 1792 1160 annectimus
1821 1120 1866 1160 et
1894 1118 2068 1160 unimus
2098 1132 2194 1160 cum

234 1206 321 1249 suis
341 1206 510 1263 juribus
531 1210 573 1250 et
592 1208 862 1264 pertinentiis
882 1209 1089 1251 universis
1108 1209 1325 1265 perpetuis
1344 1209 1504 1252 futuris
1523 1209 1786 1265 temporibus
1806 1209 2121 1265 possidendam.

296 1296 463 1341 Dantes
498 1301 541 1341 et
573 1300 847 1342 concedentes
880 1300 992 1342 dicto
1027 1300 1191 1342 custodi
1216 1300 1434 1343 licentiam
1466 1299 1646 1343 liberam
1681 1303 1722 1343 et
1747 1301 1920 1357 plenam
1939 1303 2194 1357 potestatem

235 1388 508 1446 ingrediendi
541 1392 585 1432 et
615 1391 876 1446 adipiscendi
910 1391 1213 1447 possessionem
1253 1392 1378 1435 dictae
1414 1392 1599 1435 ecclesiae
1640 1393 1693 1435 de
1727 1392 2065 1435 OYSTERMOUTH
2100 1392 2192 1448 jam

234 1481 425 1523 vacantis
445 1481 696 1524 auctoritate
717 1482 888 1538 propria
908 1485 1052 1525 nostra
1072 1483 1140 1525 vel
1161 1486 1337 1539 optenta
1358 1485 1456 1537 pro2
1489 1484 1803 1540 indempnitate
1833 1484 2016 1527 ecclesiae
2035 1486 2191 1527 nostrae

232 1571 534 1614 MENEVENSIS
555 1575 597 1615 et
618 1573 904 1616 archidiaconi
925 1575 976 1616 de
998 1574 1295 1617 KERMERDYN
1316 1575 1362 1617 in
1383 1575 1506 1631 cujus
1527 1575 1874 1618 archidiaconatu
1889 1575 2004 1618 dicta
2020 1575 2193 1618 ecclesia

233 1663 286 1705 de
308 1663 647 1706 OYSTERMOUTH
668 1664 750 1706 sita
770 1670 832 1707 est
863 1665 1108 1707 ordinamus
1138 1667 1253 1722 quod
1282 1665 1460 1709 ffabrica
1491 1667 1674 1709 ecclesiae
1707 1669 1863 1709 nostrae
1894 1666 2193 1709 MENEVENSIS

233 1754 459 1796 annuatim
499 1754 703 1810 percipiet
733 1756 839 1798 duos
869 1756 1023 1799 solidos
1052 1772 1207 1800 annuae
1237 1757 1453 1813 pensionis
1483 1757 1529 1800 in
1559 1758 1684 1801 ffesto
1715 1758 1864 1801 Sancti
1893 1757 1923 1801 J
1926 1772 2054 1800 AOOBI
2088 1792 2097 1800 .
2130 1756 2192 1800 Et

231 1844 346 1888 idem
367 1844 687 1888 archidiaconus
708 1846 781 1902 qui
801 1861 877 1902 pro
898 1850 1086 1903 tempore
1107 1847 1238 1890 fuerit
1258 1847 1433 1891 habebit
1454 1848 1637 1905 singulis
1657 1849 1782 1892 annis
1812 1849 1859 1891 in
1889 1850 2039 1892 eodem
2068 1848 2194 1892 ffesto

233 1937 466 1980 duodecem
486 1937 682 1980 denarios
702 1953 727 1979 a
748 1939 919 1981 custode
940 1939 1161 1995 hospitalis
1182 1940 1362 1996 predicti
1382 1940 1556 1983 nomine
1576 1943 1619 1983 et
1635 1941 1850 1983 occasione
1866 1939 2194 1996 indempnitatis

237 2028 422 2070 ecclesiae
442 2030 599 2071 nostrae
620 2032 664 2071 et
684 2043 771 2071 suae
791 2030 1021 2086 praedictae.

294 2119 462 2162 Datum
481 2119 527 2162 in
549 2120 675 2162 domo
696 2120 920 2176 capitulari
947 2124 1103 2165 nostrae
1124 2123 1308 2166 ecclesiae
1339 2123 1639 2166 MENEVENSIS
1669 2138 1732 2167 x1.
1756 2124 1825 2166 die
1855 2123 2013 2166 mensis
2043 2123 2194 2166 Martii

237 2224 350 2253 anno
372 2209 550 2252 Domini
579 2210 805 2254 millesimo
830 2219 954 2254 666ωο-
976 2214 1288 2270 septuagesimo
1311 2229 1426 2258 nono
1446 2217 1490 2258 et
1509 2221 1666 2258 nostrae
1687 2215 2012 2258 consecrationis
2032 2215 2194 2258 decimo

237 2305 398 2344 octavo.
460 2301 516 2344 In
537 2303 660 2358 cujus
680 2303 742 2345 rei
762 2304 1054 2347 testimonium
1075 2321 1152 2348 nos
1181 2305 1323 2349 ADAM
1354 2306 1573 2364 episcopus
1602 2310 1645 2351 et
1675 2308 1912 2364 capitulum
1941 2307 2196 2363 praedictum

239 2392 383 2449 sigilla
402 2396 547 2436 nostra
566 2394 848 2450 praesentibus
869 2396 1027 2452 apponi
1047 2397 1240 2440 fecimus.

859 2487 906 2524 (1)
931 2487 1135 2525 Expuncted.
1297 2489 1344 2528 (2)
1370 2489 1432 2519 For
1447 2489 1536 2528 prius
1557 2490 1572 2519 ⁴?

302 2540 333 2569 A
347 2540 513 2578 duplicate
527 2541 561 2570 of
583 2541 649 2570 this
664 2541 837 2572 document
852 2543 910 2572 has
926 2543 1006 2573 been
1026 2544 1213 2574 discovered
1233 2554 1354 2583 among
1369 2546 1424 2575 the
1446 2545 1570 2576 Cardiff
1591 2545 1700 2576 Castle
1722 2555 1848 2584 papers.
1889 2545 1923 2575 It
1943 2545 1971 2575 is
1992 2545 2123 2575 written
2147 2553 2189 2574 on

254 2595 444 2634 parchment
459 2596 523 2626 and
539 2596 597 2626 has
612 2596 676 2626 had
692 2597 775 2627 seals
797 2599 959 2637 attached,
981 2608 1054 2629 now
1076 2600 1233 2638 wanting.
1274 2601 1308 2631 It
1330 2601 1441 2631 differs
1460 2602 1599 2641 slightly
1620 2603 1706 2632 from
1727 2602 1782 2632 the
1805 2601 1961 2632 Harleian
1982 2610 2075 2639 copy.
2118 2600 2187 2630 The

254 2652 344 2682 word
367 2652 440 2682 ‘ex’
463 2652 490 2682 is
512 2652 654 2683 inserted
676 2654 785 2684 before
806 2654 965 2685 ‘sincera’
987 2656 1021 2685 in
1043 2656 1098 2686 the
1118 2657 1232 2686 fourth
1253 2657 1328 2687 line.
1370 2658 1466 2688 After
1490 2658 1582 2688 italic
1597 2658 1692 2696 ‘pro'
1717 2658 1797 2696 (line
1811 2658 1876 2696 22),
1898 2658 1989 2687 there
2003 2657 2030 2687 is
2045 2657 2187 2687 inserted

255 2707 264 2724 ‘
275 2709 470 2738 auctoritate
484 2709 614 2747 propria
629 2712 740 2740 nostra
755 2710 807 2740 vel
821 2710 960 2749 alicujus
976 2711 1110 2742 alten'us
1123 2712 1257 2743 licencia
1273 2713 1325 2743 vel
1340 2714 1535 2744 auctoritate
1549 2723 1646 2753 super
1659 2714 1720 2744 hoc
1741 2714 1873 2744 minime
1886 2714 1990 2752 petita
2004 2713 2189 2752 aliqualiter

254 2764 308 2794 vel
322 2765 458 2795 obtenta
471 2765 551 2803 pro.'
