2386 3645
1989 323 2097 364 1629

220 520 471 575 capitalibus
492 521 676 564 dominis
696 521 812 564 feodi
831 521 947 564 iuius
967 537 1042 578 per
1062 523 1235 564 servicia
1261 524 1361 566 inde
1382 523 1525 566 debita
1545 529 1587 566 et
1618 526 1670 567 de
1696 526 1792 582 jure
1828 531 2037 570 consueta.
2098 528 2158 571 Et

220 624 300 666 ego
320 626 418 653 vero
438 612 650 667 predictus
671 612 911 654 ROBERTUS
933 615 975 654 et
994 612 1167 655 heredes
1188 614 1272 655 mei
1292 614 1529 656 manerium
1557 615 1794 670 predictum
1823 632 1987 659 necnon
2017 619 2158 661 omnia

218 702 351 743 terras
381 704 423 743 et
453 705 696 744 tenementa
726 705 802 744 etc.
841 702 1018 757 prefatis
1049 702 1215 744 THOME
1243 708 1285 745 et
1320 703 1577 747 WILLELMO
1607 705 1831 749 heredibus
1862 711 1903 749 et
1934 708 2158 764 assignatis

219 790 306 833 suis
325 795 471 834 contra
491 808 635 834 omnes
655 795 804 848 gentes
824 792 1192 835 warantizabimus
1214 797 1255 835 et
1275 794 1320 835 in
1340 798 1592 850 perpetuum
1614 796 1901 840 defendemus.
1963 797 2018 840 In
2039 799 2160 854 cujus

218 881 280 923 rei
300 883 591 925 testimonium
612 883 711 925 huic
731 883 918 938 presenti
941 886 1054 926 carte
1074 899 1165 926 mee
1197 885 1387 940 sigillum
1413 900 1557 927 meum
1578 887 1766 942 apposui.
1828 887 1930 930 Hiis
1950 888 2127 930 testibus
2151 922 2159 930 .

219 972 249 1015 J
251 987 438 1015 OHANNE
469 974 665 1016 BAssETT
708 1008 716 1016 .
749 974 1006 1018 WILLELMO
1046 975 1269 1017 BAWDRIP
1313 1009 1321 1017 .
1363 975 1392 1018 J
1395 990 1582 1018 οΗΑΝΝΕ
1623 976 1906 1019 FFLEMYNGE
1949 979 2108 1021 seniore
2151 1013 2159 1021 .

221 1064 400 1106 HOWEL
422 1065 578 1107 CARNE
604 1098 611 1106 .
636 1064 895 1108 WILLELMo
916 1066 1086 1108 BASSET
1110 1101 1118 1108 .
1142 1069 1185 1108 et
1204 1067 1351 1109 multis
1372 1067 1481 1109 aliis.

277 1154 441 1197 Datum
476 1156 590 1210 apud
622 1155 890 1198 LANCOVIAN
928 1157 996 1198 die
1031 1156 1185 1199 Martis
1217 1158 1410 1213 proximo
1452 1162 1547 1213 post
1586 1158 1742 1200 festum
1782 1158 1930 1201 Sancti
1967 1159 2165 1202 D10N1sn

221 1246 407 1288 martiris
427 1261 538 1287 anno
560 1247 684 1303 regni
705 1247 840 1303 Regis
862 1247 1068 1289 HENRICI
1090 1248 1198 1290 sexti
1218 1254 1310 1304 post
1333 1252 1609 1304 conquestum
1629 1250 1838 1292 tricesimo
1859 1251 2008 1306 primo.

281 1335 373 1378 The
392 1336 490 1388 seaL
514 1336 559 1379 of
580 1338 654 1379 red
674 1353 783 1389 wax,
806 1338 892 1380 and
914 1338 1110 1380 attached
1131 1339 1190 1394 by
1211 1354 1236 1380 a
1256 1339 1380 1391 label‚
1402 1340 1437 1381 is
1457 1338 1617 1382 broken
1639 1341 1724 1382 and
1744 1340 1933 1383 defaced.

1086 1537 1322 1580 MOXCII.

220 1641 421 1686 LEASE
473 1643 597 1686 FOR
646 1643 796 1686 LIFE
837 1644 924 1687 BY
963 1644 1219 1687 THOMAS
1268 1645 1537 1689 LYDDYN
1577 1646 1711 1690 AND
1753 1646 2046 1691 WILLIAM
2085 1647 2167 1690 ΑΡ

366 1733 743 1786 LLEWELYN,
781 1734 857 1776 TO
900 1735 1149 1778 ROBERT
1190 1736 1462 1790 NERBER,
1505 1737 1583 1780 OF
1623 1737 1753 1780 THE
1793 1737 1984 1790 LAND,
2021 1738 2166 1791 ETO„

369 1824 734 1868 CONTAINED
777 1826 849 1868 IN
890 1826 1020 1869 THE
1070 1827 1435 1871 PREOEDING
1483 1829 1669 1882 DEED,
1711 1829 1890 1873 WITH
1936 1829 2168 1873 REVER-

366 1915 510 1958 SION
542 1916 617 1958 TO
650 1916 852 1960 LEWIS
894 1918 1225 1962 MATHEWE
1255 1919 1389 1961 AND
1427 1919 1794 1962 ELIZABETH
1834 1920 1942 1962 HIS
1985 1920 2164 1964 WIFE.

1010 2024 1226 2082 [FONMON
1267 2026 1386 2083 MS]

425 2131 674 2174 THURSDAY
709 2146 852 2174 AFTER
887 2132 955 2175 ST.
991 2133 1152 2175 DENIS'
1187 2133 1302 2175 DAY.
1365 2135 1390 2175 3
1428 2134 1528 2176 Ocr.
1590 2135 1642 2176 31
1679 2135 1803 2177 HEN.
1837 2135 1919 2179 VI.
1983 2137 2109 2179 1452,

277 2239 424 2282 Sciant
462 2243 678 2295 presentes
717 2243 759 2282 et
799 2240 936 2281 futuri
977 2241 1090 2295 quod
1130 2256 1206 2282 nos
1245 2240 1435 2283 THOMAS
1476 2241 1667 2283 LYDDYN
1708 2245 1749 2284 et
1789 2241 2072 2285 WILLELMUS
2112 2259 2165 2299 ap

217 2329 480 2372 LLEWELYN
518 2330 774 2372 tradidimus
810 2331 1048 2372 dimisimus
1084 2335 1126 2373 et
1160 2331 1238 2373 hac
1270 2332 1454 2387 presenti
1489 2336 1604 2374 carta
1639 2336 1782 2375 nostra
1813 2334 2035 2376 indentata
2069 2350 2164 2376 con-

217 2421 479 2463 firmavimus
501 2420 715 2463 ROBERTO
737 2421 934 2462 NERBER
956 2422 1165 2477 armigero
1181 2422 1419 2464 manerium
1435 2423 1486 2464 de
1503 2422 1771 2465 LANCOVIAN
1789 2439 1884 2465 cum
1899 2425 2166 2480 pertinentiis

215 2512 330 2554 infra
360 2512 535 2554 feodum
566 2513 618 2554 de
649 2511 983 2554 LANBLETHIAN
1016 2527 1180 2554 necnon
1211 2513 1352 2554 omnia
1382 2516 1514 2555 terras
1535 2516 1577 2555 et
1605 2517 1848 2556 tenementa
1868 2519 1990 2570 prata
2010 2531 2162 2570 pascua

214 2605 408 2658 pasturas
445 2602 588 2645 boscos
616 2602 807 2645 redditus
839 2603 1097 2645 reversiones
1125 2605 1166 2644 et
1193 2603 1367 2644 servicia
1397 2618 1492 2645 cum
1524 2604 1793 2659 pertinentiis
1819 2606 1864 2647 in
1897 2605 2161 2648 LANCOVIAN

216 2693 406 2748 predicta
427 2708 508 2748 que
529 2707 664 2748 nuper
685 2693 912 2735 habuimus
934 2709 986 2735 ex
1007 2694 1117 2735 dono
1139 2698 1180 2734 et
1201 2693 1475 2736 feoffamento
1497 2695 1675 2749 predicti
1704 2696 1919 2738 ROBERTI.
1983 2696 2159 2739 Haben-

217 2784 321 2825 dum
343 2787 386 2825 et
415 2784 648 2825 tenendum
670 2783 908 2825 manerium
938 2784 1176 2839 predictum
1196 2799 1360 2826 necnon
1381 2785 1525 2826 omnia
1543 2787 1676 2827 terras
1698 2789 1740 2828 et
1770 2789 2012 2828 tenementa
2040 2790 2161 2842 prata

214 2888 368 2928 pascua
398 2877 593 2929 pasturas
623 2873 766 2916 boscos
795 2875 987 2916 redditus
1016 2876 1271 2916 reversiones
1292 2879 1334 2916 et
1355 2875 1529 2917 servicia
1557 2876 1747 2931 predicta
1767 2891 1863 2919 cum
1892 2877 2158 2931 pertinentiis

211 2963 379 3019 prefato
419 2964 632 3006 Rossssmo
669 2965 723 3006 ad
763 2965 995 3006 terminum
1034 2965 1120 3007 vite
1161 2980 1234 3006 sue
1274 2965 1429 3020 absque
1470 2966 1613 3022 aliqua
1652 2967 1920 3023 impeticione
1960 2968 2067 3009 vasti
2107 2969 2159 3010 de

214 3054 465 3110 capitalibus
487 3055 670 3097 dominis
700 3055 816 3098 feodi
846 3055 962 3097 issius
991 3071 1065 3111 per
1094 3056 1267 3098 servicia
1295 3056 1396 3099 inde
1416 3056 1559 3102 debita
1581 3060 1623 3100 et
1643 3058 1695 3100 de
1714 3057 1810 3113 jure
1831 3061 2039 3100 consueta.
2100 3059 2161 3101 Et
