2386 3645
1939 291 2050 332 1353

162 490 380 548 predictus
408 491 439 535 J
441 504 651 534 OHANNES
686 491 740 533 de
767 489 977 533 HonToN’
1012 493 1055 533 et
1094 490 1270 534 heredes
1307 492 1393 535 mei
1427 493 1660 549 predictam
1691 495 1881 551 placeam
1911 496 2113 553 burgagii

164 597 261 626 cum
290 583 378 625 suis
406 582 680 639 pertinenciis
709 581 899 637 predicto
929 581 960 625 J
961 595 1140 624 OHANNI
1169 583 1222 625 de
1252 582 1436 625 Pssmms
1465 583 1691 627 heredibus
1720 588 1763 628 et
1782 587 2007 643 assignatis
2027 588 2113 630 suis

165 674 212 716 in
232 674 368 716 forma
386 673 578 729 predicta
596 687 629 715 c.
653 687 690 715 o.
714 686 756 728 g.
786 671 1159 715 warantizabimus
1179 676 1222 715 et
1249 672 1564 729 imperpetuum
1594 675 1885 719 defendemus.
1945 677 2001 719 In
2022 692 2055 720 c.
2077 693 2112 720 r.

163 765 459 808 testimonium
489 764 589 806 huic
621 765 734 807 carte
766 763 959 820 sigillum
992 778 1137 806 meum
1168 764 1357 820 apposui.
1431 764 1534 808 Hiis
1564 765 1744 809 testibus
1774 800 1783 809 .
1816 767 2029 809 ROBERTO
2059 783 2113 824 ap

165 855 356 899 THOMAS
375 855 620 898 vicecomite
642 853 888 897 GOUHERIE
911 888 920 896 .
944 854 1205 898 WILLELMO
1226 855 1433 898 MATHEU
1453 856 1665 912 preposito
1686 857 1787 899 ville
1817 858 1869 900 de
1900 857 2114 901 SWEYNE-

165 960 274 988 SEYE
307 979 316 988 .
348 945 517 988 ΤΗοΜΑ
537 947 590 988 de
611 944 895 988 SENGLETON’
928 979 937 988 .
970 945 1185 988 Romano
1205 946 1406 989 KNEPYN
1438 979 1449 990 .
1480 946 1650 989 ΤΗοΜΑ
1670 947 1883 991 CHARLES
1904 982 1914 991 .
1947 948 2116 991 ΤΗΟΜΑ

165 1037 475 1080 BORDEWARD'
508 1071 517 1080 .
550 1039 593 1081 et
612 1037 719 1080 aliis.

221 1127 387 1170 Datum
418 1129 532 1184 apud
563 1127 909 1170 SWEYNESEYAM
940 1128 1009 1171 die
1039 1127 1164 1171 Lune
1197 1129 1348 1185 quinto
1380 1130 1450 1172 die
1481 1130 1638 1173 mensis
1679 1130 1873 1174 Octobris
1911 1146 1948 1174 a.
1988 1147 2022 1174 r.
2060 1132 2115 1175 R.

165 1219 363 1262 RICARDI
384 1219 448 1262 II.
471 1222 567 1276 post
587 1222 864 1275 conquestum
885 1220 1076 1276 septimo.

220 1310 490 1354 Entitled—-‘
507 1310 800 1367 Sweynysey.'

1078 1787 1210 1830 MLI.

167 1893 384 1938 GRANT
445 1894 532 1937 BY
595 1894 765 1938 JOHN
825 1895 910 1937 DE
981 1895 1270 1938 PENREES
1330 1896 1409 1938 OF
1490 1896 1752 1941 OXWIOH
1832 1897 1910 1940 OF
1989 1897 2119 1940 THE

311 1986 450 2029 SITE
511 1986 590 2029 OF
645 1986 689 2028 A
750 1986 1056 2030 BURGAGE
1106 1987 1179 2030 IN
1241 1987 1546 2032 SWANSEA
1610 1988 1686 2031 ΤΟ
1751 1989 1781 2032 J
1784 1989 1920 2033 OHN
1984 1989 2119 2033 AND

312 2076 666 2120 MARGARET
727 2077 1002 2120 HORTON.

783 2184 1028 2242 [MARGAM.
1090 2186 1349 2229 TRAHERNE
1380 2187 1499 2244 MS]

1421 2296 1445 2336 5
1469 2294 1570 2337 OcT.
1633 2296 1659 2337 7
1682 2295 1780 2337 R1c.
1803 2294 1868 2337 II.
1932 2296 2056 2337 1383.

224 2400 369 2443 Sciant
409 2402 622 2457 presentes
664 2400 726 2443 et·
747 2401 884 2443 futuri
926 2402 1040 2457 quod
1080 2416 1160 2458 ego
1200 2401 1231 2444 J
1233 2416 1444 2444 OHANNES
1484 2403 1536 2444 de
1576 2403 1788 2445 PENREES
1828 2403 2024 2446 dominus
2064 2405 2117 2446 (le

167 2491 432 2534 OXENWYCH
453 2492 552 2534 dedi
572 2494 649 2534 etc.
673 2492 702 2534 J
705 2507 882 2534 OHANNI
904 2494 957 2535 de
979 2492 1176 2535 HomoN
1197 2496 1238 2536 et
1266 2493 1556 2536 MARGARETE
1573 2494 1696 2536 uxori
1717 2494 1810 2550 ejus
1830 2497 1872 2536 et
1892 2494 2117 2537 heredibus

165 2583 252 2625 suis
271 2585 406 2625 totam
425 2582 546 2624 issam
566 2583 756 2639 placeam
776 2582 978 2640 burg-agii
1000 2599 1096 2626 cum
1116 2585 1390 2641 pertinenciis
1411 2600 1492 2640 que
1513 2586 1729 2641 quondam
1756 2585 1933 2627 fuerunt
1952 2585 2116 2628 domini

168 2673 374 2717 Ronmm
395 2674 448 2715 de
469 2673 681 2716 PENREES
702 2674 771 2716 avi
791 2675 876 2717 mei
895 2675 1084 2729 jacentia
1102 2675 1149 2717 in
1169 2675 1298 2718 ballio
1313 2675 1476 2718 CASTRI
1493 2677 1545 2718 de
1562 2675 1742 2718 SWEYN'
1758 2676 1871 2718 inter
1886 2677 2115 2732 gardinum

168 2765 332 2807 domini
351 2764 381 2808 J
384 2779 584 2807 OHANNIS
605 2766 657 2808 de
677 2765 874 2808 HORTON
896 2782 949 2809 ex
968 2770 1089 2822 parte
1120 2767 1370 2810 occidentali
1400 2772 1442 2809 et
1473 2782 1740 2810 communem
1770 2767 1882 2809 viam
1913 2782 1965 2809 ex
1995 2770 2115 2823 parte

168 2855 365 2898 orientali
378 2859 420 2897 et
436 2856 647 2898 venellam
668 2857 895 2899 ducentem
915 2872 1058 2899 versus
1078 2860 1375 2913 nuncupatum
1395 2857 1574 2900 ballium
1595 2873 1646 2899 ex
1666 2860 1786 2913 parte
1805 2856 1963 2899 boreali
1984 2873 2116 2913 usque

166 2947 222 2989 ad
240 2948 535 2988 tenementum
555 2946 659 2989 dicti
680 2946 709 2989 J
713 2961 913 2989 OHANNIS
933 2962 986 2990 ex
1006 2950 1126 3003 parte
1156 2947 1343 2990 australi.
1406 2947 1671 2990 Habendum
1695 2949 1737 2989 et
1760 2948 1994 2989 tenendum
2020 2963 2114 3004 pre-

166 3037 327 3080 dictam
347 3037 537 3093 placeam
557 3036 760 3094 burgagii
779 3038 996 3080 reddendo
1017 3039 1072 3080 ad
1092 3038 1251 3080 festum
1271 3037 1418 3081 Sancti
1430 3037 1689 3080 MICHAELIS
1702 3053 1837 3080 unum
1850 3038 1996 3081 florem
2008 3053 2114 3081 rose.

373 3177 447 3212 7U
