2386 3645
242 315 353 358 1368

1044 513 1272 558 MLVIII.

183 629 355 674 DEED
406 628 485 673 OF
524 624 929 671 ASSIGNMENT
981 623 1058 667 OF
1108 622 1234 666 ALL
1283 621 1392 665 HIS
1444 619 1638 664 GOODS
1689 617 1777 662 BY
1816 616 1918 661 SIR
1963 615 2133 660 JOHN

329 721 411 764 ST.
445 720 474 764 J
477 719 614 763 OHN
645 718 721 762 TO
753 716 855 761 SIR
895 714 1189 760 WILLIAM
1237 710 1662 758 STRADELYNG
1700 709 1836 754 AND
1876 708 2134 754 THOMAS

328 809 595 855 LYoUNs

1027 862 1102 919 [e.
1136 861 1189 904 e.
1222 860 1298 917 R]

1268 952 1322 993 10
1357 951 1543 993 Minoa.
1607 951 1660 992 10
1692 949 1791 992 R1c.
1823 949 1888 992 II.
1952 951 2078 993 1387.

243 1068 390 1112 Sciant
409 1069 622 1124 presentes
638 1067 681 1107 et
700 1063 836 1106 futuri
855 1076 924 1105 me
944 1061 973 1104 J
976 1074 1200 1103 OHANNEM
1223 1059 1366 1101 SENCT
1387 1058 1417 1101 J
1419 1073 1477 1101 ON
1497 1058 1680 1100 militem
1702 1057 1866 1100 dedisse
1887 1060 1929 1100 et
1949 1073 2002 1100 ex
2021 1073 2139 1101 mera

182 1160 403 1204 voluntate
433 1156 680 1200 concessisse
709 1170 757 1197 ac
787 1153 1052 1196 confirmasse
1082 1151 1342 1195 WILLELMO
1372 1148 1684 1193 STRADELYNG'
1715 1149 1845 1191 militi
1885 1152 1928 1192 et
1969 1149 2136 1192 ΤΗΟΜΕ

185 1249 369 1294 LYOUNs
390 1248 535 1290 omnia
549 1246 661 1289 bona
675 1260 770 1288 mea
785 1243 960 1287 mobilia
977 1245 1019 1285 et
1030 1241 1275 1284 immobelia
1294 1241 1379 1296 (sie)
1399 1239 1641 1295 ubicunque
1654 1239 1818 1282 fuerint
1834 1239 2010 1282 inventa
2025 1241 2141 1283 infra

186 1342 408 1385 ANGLIAM
439 1355 487 1382 ac
515 1338 650 1381 eciam
669 1337 784 1379 infra
809 1335 1055 1379 WALmAM.
1117 1333 1173 1376 In
1204 1332 1327 1388 cujus
1357 1331 1419 1373 rei
1452 1330 1745 1374 testimonium
1776 1331 1967 1386 sigillum
1996 1346 2141 1375 meum

189 1432 380 1489 apposui.

274 1523 439 1566 Datum
479 1520 724 1562 LONDINIIS
754 1524 839 1560 xm0·
861 1517 929 1559 die
960 1515 1114 1558 Marcii
1144 1530 1257 1557 anno
1286 1513 1410 1570 regni
1452 1513 1587 1570 Regis
1618 1513 1815 1555 RmARm
1847 1514 2019 1556 secundi
2049 1517 2145 1570 post

186 1619 464 1670 conquestum
484 1612 668 1654 ANGLOE
691 1609 865 1652 desimo.

247 1705 345 1749 Seal
367 1718 491 1761 gone.

1072 1889 1253 1934 MLIX.

195 2004 410 2049 GRANT
451 2002 538 2047 BY
579 1999 829 2045 ROBERT
880 1998 1040 2042 ELYS
1097 1997 1175 2040 OF
1215 1995 1425 2040 LANDS
1466 1996 1601 2039 AND
1644 1995 2026 2039 TENEMENTS
2072 1996 2145 2040 IN

339 2094 470 2138 THE
521 2093 643 2136 FEE
699 2092 777 2135 OF
837 2087 1348 2135 WRINOHESTONE
1403 2087 1480 2130 TO
1541 2087 1570 2130 J
1574 2086 1710 2129 OHN
1769 2086 1851 2129 ΑΡ
1911 2086 2148 2131 HOWEL

341 2185 462 2229 HIR
502 2184 637 2228 AND
679 2180 1046 2233 MARGARET,
1087 2178 1447 2222 DAUGHTER
1488 2177 1566 2219 OF
1608 2176 1739 2220 THE
1782 2177 2096 2222 GRANTOR.

837 2289 976 2347 [Ano.
1016 2288 1236 2331 CHARTER
1276 2287 1346 2338 24,
1387 2284 1509 2341 302]

1348 2394 1403 2436 28
1435 2393 1557 2436 MAY.
1622 2394 1673 2435 11
1707 2393 1805 2436 R1c.
1838 2393 1902 2436 Π.
1967 2396 2092 2438 1388.

262 2509 408 2553 Sciant
449 2511 663 2565 presentes
698 2509 741 2549 et
775 2506 914 2548 futuri
946 2506 1060 2561 quod
1096 2519 1176 2560 ego
1213 2503 1452 2545 ROBERTUS
1487 2501 1609 2543 ELYS
1641 2502 1741 2543 dedi
1776 2503 1959 2545 concessi
1995 2507 2039 2546 et
2073 2504 2152 2546 hac

206 2601 390 2658 presenti
439 2602 554 2642 carta
603 2613 698 2641 mea
747 2596 993 2640 confirmavi
1044 2595 1074 2638 J
1078 2609 1256 2637 OHANNI
1311 2608 1365 2649 ap
1418 2592 1597 2634 HOWEL
1653 2592 1783 2635 Hffln
1840 2594 2058 2649 capellano
2109 2598 2152 2638 et

207 2692 495 2735 MARGARETE
535 2690 620 2732 filie
661 2703 753 2731 mee
794 2688 937 2730 omnia
972 2691 1104 2729 terras
1145 2690 1187 2727 et
1221 2687 1465 2727 tenementa
1500 2698 1595 2725 mea
1627 2689 1750 2738 prata
1785 2683 1928 2726 boscos
1962 2688 2155 2740 pasturas

204 2787 247 2826 et
306 2786 424 2826 vasta
474 2796 555 2837 que
604 2780 740 2822 habeo
789 2779 835 2821 in
889 2778 1013 2820 feodo
1063 2777 1116 2818 de
1167 2772 1526 2819 WRINOHESTON'
1577 2773 1702 2830 [que]
1756 2776 1972 2829 quondam
2016 2776 2159 2819 ELIAs

207 2874 514 2918 WITTECLEVE
564 2871 718 2914 tenuit.
804 2869 1071 2911 Habendum
1120 2870 1164 2910 et
1213 2867 1449 2909 tenendum
1500 2865 1644 2907 omnia
1693 2865 1883 2921 predicta
1931 2872 2064 2910 terras
2113 2872 2158 2911 et

207 2967 451 3008 tenementa
499 2966 622 3019 prata
670 2961 814 3004 boscos
862 2962 1056 3016 pasturas
1106 2962 1149 3001 et
1197 2960 1317 3000 vasta
1361 2972 1458 2999 cum
1503 2957 1700 2999 omnibus
1750 2958 1835 3000 suis
1883 2959 2156 3014 pertinenciis

208 3055 409 3112 predictis
435 3054 465 3098 J
468 3068 645 3097 OHANNI
679 3056 722 3095 et
754 3052 1043 3095 MARGARETE
1079 3048 1305 3091 heredibus
1334 3063 1480 3090 eorum
1511 3053 1553 3090 et
1583 3047 1810 3104 assignatis
1838 3050 2157 3105 imperpetuum
