2386 3645
1906 299 2015 341 1279

125 495 458 552 acquietabimus
493 499 535 537 et
573 495 620 536 in
660 497 914 550 perpetuum
950 496 1240 540 defendemus.
1315 499 1371 541 In
1399 500 1522 556 cujus
1555 501 1617 543 rei
1650 503 1939 547 testimonium
1972 505 2070 547 huic

123 588 310 645 presenti
341 589 452 629 carte
482 600 575 628 mee
607 585 798 642 sigillum
819 588 1008 642 apposui.
1072 587 1175 630 Hiis
1195 590 1374 632 testibus
1405 623 1414 633 .
1446 591 1634 633 PAGANO
1664 593 1716 635 de
1746 592 2070 638 TURBERVILLE

122 683 226 722 tunc
245 677 472 720 senescallo
491 676 651 718 ibidem
674 710 682 718 .
706 675 875 719 THOMA
898 678 950 719 de
973 677 1285 721 TURBERVILL’
1309 714 1317 722 .
1342 680 1612 723 RnerNALDo
1642 683 1694 724 de
1724 682 2033 727 TURBERVILL'
2057 720 2066 728 .

123 769 363 812 NICHOLAO
384 766 590 810 anoc
613 801 621 809 .
644 766 904 810 WILLELMO
926 767 1095 811 Vnum
1121 768 1186 826 [Ρ]
1213 773 1255 812 et
1274 771 1422 813 multis
1442 772 1548 814 aliis.

180 860 346 902 Datum
368 859 483 914 apud
504 857 698 900 Comme
720 857 789 900 die
810 859 1023 900 dominica
1046 893 1056 902 .
1082 893 1090 901 .
1116 894 1124 902 .
1151 893 1160 902 .
1184 860 1329 903 Sancti
1350 861 1582 904 NicHoLAI
1602 863 1784 919 episcopi
1805 879 1915 906 anno
1946 866 2068 921 regni

125 950 258 1006 Regis
278 949 505 991 EDWARDI
526 949 646 990 tercii
665 951 761 1004 post
781 954 1058 1005 conquestum
1078 951 1274 994 vicesimo
1302 955 1465 1007 quarto.

181 1040 279 1083 Seal
299 1040 505 1096 wanting.

1037 1241 1168 1284 MIV.

126 1347 343 1392 GRANT
383 1347 471 1390 BY
503 1347 761 1390 THOMAS
800 1347 1008 1391 LOVEL
1044 1348 1119 1391 TO
1162 1349 1433 1403 THOMAS,
1469 1350 1586 1393 SON
1627 1351 1704 1393 OF
1740 1351 2070 1394 REGINALD

289 1439 375 1481 DE
417 1438 767 1490 SOMERTON,
811 1438 890 1481 OF
930 1438 1140 1482 LANDS
1182 1440 1254 1483 IN
1294 1441 1570 1484 NEWTON
1610 1442 1914 1485 NOTTAGE.

799 1546 937 1604 [Rmn
972 1547 1032 1590 H.
1067 1548 1131 1590 H.
1166 1548 1395 1606 mem]

1218 1659 1271 1698 16
1304 1657 1426 1699 MAY.
1488 1658 1542 1699 25
1574 1657 1701 1700 Enw.
1734 1657 1825 1700 III.
1889 1658 2012 1700 1351.

183 1763 329 1806 Sciant
350 1768 564 1819 presentes
580 1767 622 1805 et
638 1763 775 1805 futuri
792 1766 905 1820 quod
927 1780 1005 1820 ego
1030 1765 1220 1807 THOMAS
1241 1765 1397 1807 LOVEL
1419 1765 1517 1807 dedi
1539 1765 1719 1807 concessi
1735 1770 1775 1807 et
1797 1765 1874 1807 hac
1887 1766 2073 1821 presenti

124 1858 240 1898 carta
267 1871 362 1898 mea
387 1855 633 1898 confirmavi
659 1855 827 1898 Tuom
850 1857 901 1898 de
924 1856 1165 1899 SOMERTON
1192 1857 1334 1899 omnia
1361 1859 1493 1899 terras
1515 1860 1556 1898 et
1577 1860 1818 1898 tenementa
1839 1872 1919 1911 que
1939 1856 2070 1898 habui

123 1949 176 1990 de
197 1949 308 1990 dono
329 1952 371 1990 et
393 1948 657 1990 concessione
680 1948 931 1992 WILLELMl
954 1949 1148 1991 BURDON
1170 1949 1214 1990 in
1237 1948 1360 1990 feodo
1382 1949 1433 1989 de
1462 1947 1667 1990 NEWTON
1696 1947 1741 1989 N
1744 1961 1971 1989 OTHASCHE
1998 1950 2071 1989 aut

122 2039 170 2081 in
190 2039 312 2080 terris
333 2038 563 2080 arabilibus
579 2038 714 2080 boscis
735 2039 867 2094 pratis
884 2039 1048 2094 pascuis
1066 2039 1250 2094 pasturis
1271 2042 1313 2080 et
1330 2039 1414 2080 suis
1430 2038 1700 2093 pertinenciis
1718 2038 1824 2079 sicut
1839 2037 1982 2092 jacent
1998 2052 2074 2092 per

124 2129 323 2185 antiquas
346 2133 481 2171 metas
506 2133 548 2171 et
577 2129 743 2171 bundas
764 2145 851 2171 una
873 2146 968 2172 cum
990 2130 1146 2185 viginti
1169 2129 1332 2171 duobus
1353 2129 1536 2171 denariis
1557 2144 1661 2183 quos
1682 2128 1810 2170 abbas
1830 2128 2073 2169 monasterii

122 2220 245 2263 beate
266 2219 419 2262 Sancte
440 2220 600 2262 MARIE
623 2221 675 2262 de
695 2221 835 2263 Nem
868 2224 910 2263 et
931 2221 1124 2277 ejusdem
1144 2221 1224 2262 loci
1252 2223 1482 2262 conventus
1512 2220 1619 2261 mihi
1649 2220 1822 2261 reddere
1850 2234 2071 2260 consueve-

120 2315 225 2354 runt
259 2327 355 2353 cum
389 2311 555 2354 duobus
590 2312 776 2354 denariis
808 2327 912 2367 quos
947 2312 1230 2354 wamma-s
1270 2311 1471 2354 BURDUN
1506 2310 1613 2352 mihi
1649 2310 1870 2352 annuatim
1898 2311 2073 2351 reddere

123 2403 360 2446 tenebatur.
423 2403 690 2445 Habendum
720 2407 761 2445 et
782 2405 1017 2445 tenendum
1039 2403 1182 2445 omnia
1203 2403 1391 2459 predicta
1411 2406 1544 2444 terras
1565 2405 1608 2444 et
1627 2407 1870 2443 tenementa
1891 2406 1966 2442 etc.
1991 2404 2066 2442 etc.

123 2527 133 2536 .
167 2528 176 2536 .
212 2528 219 2536 .
256 2528 264 2536 .
297 2495 486 2550 predicto
515 2494 682 2536 ΤΗΟΜΕ
712 2495 764 2536 de
791 2494 1032 2536 SOMERTON
1055 2497 1095 2536 et
1117 2493 1342 2536 heredibus
1363 2494 1448 2535 suis
1469 2497 1510 2534 et
1532 2493 1756 2548 assignatis
1775 2492 1905 2534 libere
1926 2492 2067 2547 quiete

121 2584 230 2628 bene
250 2589 293 2627 et
312 2585 360 2627 in
379 2600 481 2641 pace
502 2585 598 2641 jure
619 2585 876 2628 hereditario
903 2586 949 2627 in
975 2588 1227 2641 perpetuum
1256 2586 1308 2627 de
1337 2584 1508 2640 capitali
1535 2583 1706 2625 domino
1727 2583 1842 2624 feodi
1861 2582 1976 2623 illius
1996 2597 2070 2636 per

122 2676 316 2719 redditus
342 2680 385 2718 et
412 2677 586 2719 servicia
613 2677 713 2719 inde
745 2677 890 2719 debita
920 2680 962 2719 et
990 2678 1041 2718 de
1073 2677 1168 2733 jure
1197 2680 1405 2718 consueta.
1468 2675 1552 2717 Pro
1573 2674 1651 2716 hae
1676 2676 1819 2715 autem
1840 2673 2068 2715 donacione

122 2768 385 2810 concessione
421 2772 463 2810 et
498 2768 704 2823 presentis
740 2773 852 2811 carte
889 2768 1207 2810 confirmatione
1243 2767 1361 2809 dedit
1395 2766 1502 2807 mihi
1536 2765 1748 2820 predictus
1788 2763 1976 2806 THOMAS
2017 2763 2069 2804 de

121 2857 365 2900 SOMERTON
414 2858 573 2914 viginti
622 2874 784 2901 mareas
824 2859 1126 2914 sterlingorum
1166 2873 1240 2913 pre
1280 2856 1476 2899 manibus
1517 2861 1558 2897 et
1599 2870 1677 2911 ego
1718 2869 1815 2896 vero
1855 2853 2066 2908 predictus

123 2948 316 2992 Tnoms
336 2949 494 2991 LovEL
515 2953 593 2992 etc.
616 2953 694 2992 etc.
719 2983 728 2992 .
763 2984 772 2992 .
808 2983 817 2991 .
852 2950 996 2992 omnia
1015 2949 1204 3005 predicta
1225 2952 1302 2990 etc.
1326 2952 1403 2990 etc.
1437 2981 1446 2989 .
1481 2981 1489 2989 .
1525 2981 1533 2989 .
1568 2946 1733 2988 ΤΗΟΜΕ
1755 2946 1806 2986 de
1827 2944 2067 2987 SOMERTON

122 3042 168 3082 et
195 3039 422 3082 heredibus
451 3040 537 3082 suis
568 3043 611 3083 et
641 3041 868 3097 assignatis
899 3044 1044 3082 contra
1069 3055 1214 3082 omnes
1243 3039 1442 3081 mortales
1462 3035 1829 3079 warantizabimus
1859 3035 2073 3090 acquieta-
