2386 3645
322 261 434 303 1576

347 467 558 509 destructe
575 467 750 509 fuerunt
764 482 840 522 per
855 465 1068 508 OWYNUM
1089 467 1141 508 de
1156 466 1404 509 GLENDORE
1421 470 1463 510 et
1484 468 1706 524 complices
1727 484 1835 522 suos,
1850 473 1891 512 et
1906 471 2085 514 ulterius
2098 474 2213 528 quod

348 561 458 600 terre
473 558 682 600 dominice
703 558 814 600 dicte
835 557 1003 600 abbatie
1023 560 1065 599 et
1087 558 1267 614 grangie
1283 557 1476 614 ejusdem
1492 558 1705 601 submerse
1726 563 1825 602 sunt
1842 564 1885 602 et
1905 562 2117 606 destructe
2136 579 2212 620 per

347 648 651 691 inundaciones
671 663 879 704 aquarum
897 649 1027 690 maris
1047 663 1122 704 per
1142 648 1330 703 spacium
1351 652 1534 704 quatuor
1565 649 1845 692 miliariorum
1867 654 1909 693 et
1929 652 2043 694 ultra
2066 687 2074 695 .
2101 654 2211 697 Con-

348 739 582 782 siderantes
601 739 734 782 eciam
754 740 869 795 quod
889 739 992 781 dicti
1012 738 1142 781 abbas
1173 741 1216 781 et
1236 742 1468 781 conventus
1497 740 1661 782 onerati
1691 740 1928 783 extiterunt
1957 742 2010 784 de
2041 744 2214 787 decimis

349 844 425 885 pro
445 830 603 873 eisdem
624 831 746 872 terris
767 833 809 872 et
828 830 961 885 pratis
981 829 1093 872 inter
1122 830 1257 871 dictas
1287 845 1419 885 aquas
1448 831 1564 885 apud
1593 830 1958 873 EGLISKEYNWIR
1978 833 2211 887 predictam

347 925 473 977 prout
493 922 538 963 in
560 921 762 964 scaccario
783 924 926 963 nostro
956 923 1133 976 apparet
1163 921 1215 962 de
1245 922 1417 964 recordo
1449 955 1458 963 .
1490 921 1557 963 Ac
1588 921 1720 963 eciam
1751 922 1864 976 quod
1894 937 1971 964 nos
2002 926 2043 965 et
2072 924 2211 967 incliti

347 1013 639 1069 progenitores
658 1012 792 1054 nostri
812 1012 1016 1054 hactenus
1036 1012 1260 1053 annuatim
1281 1012 1516 1054 contentati
1540 1012 1698 1054 suimus
1718 1012 1771 1053 de
1802 1012 2001 1067 predictis
2029 1016 2211 1069 quadra-

347 1103 471 1159 ginta
505 1103 649 1145 solidis
683 1118 759 1158 pro
794 1102 917 1145 dictis
957 1102 1080 1144 terris
1116 1102 1370 1144 tenementis
1409 1102 1657 1145 molendino
1696 1104 1817 1157 aquis
1856 1103 1989 1158 pratis
2028 1105 2212 1160 pasturis

345 1193 588 1235 nemoribus
607 1192 845 1235 redditibus
865 1191 1173 1234 reversionibus
1194 1195 1237 1234 et
1257 1192 1442 1234 serviciis
1463 1193 1568 1234 citra
1584 1193 1745 1234 dictum
1758 1193 2032 1235 undecimum
2048 1209 2211 1237 annum

348 1283 481 1340 Regis
502 1283 727 1325 EDWARDI
748 1283 868 1325 tercii
889 1282 1121 1338 supradicti
1151 1285 1201 1326 ut
1230 1298 1305 1338 per
1334 1283 1637 1338 possessionem
1667 1284 1968 1326 revencionum
1999 1288 2209 1329 terrarum

344 1377 684 1417 tenementorum
704 1374 940 1417 molendini
960 1389 1168 1430 aquarum
1187 1377 1406 1429 pratorum
1426 1376 1697 1430 pasturarum
1723 1389 1945 1417 nemorum
1964 1377 2210 1420 reddituum

344 1465 629 1508 reversionum
642 1470 686 1508 et
698 1465 967 1507 serviciorum
983 1465 1321 1520 supradictorum
1337 1499 1344 1507 .
1361 1464 1652 1521 Nolentesque
1665 1466 1966 1521 possessionem
1980 1468 2209 1510 eorundem

343 1558 554 1598 terrarum
573 1558 915 1598 tenementcrum
935 1555 1171 1598 molendini
1200 1571 1409 1611 aquarum
1438 1559 1658 1612 pratorum
1687 1559 1956 1612 pasturarum
1986 1572 2209 1600 nemorum

343 1646 590 1689 reddituum
609 1647 897 1689 reversionum
913 1648 956 1688 et
976 1646 1247 1688 serviciorum
1261 1646 1425 1689 diucius
1438 1647 1660 1698 custodire,
1675 1646 1872 1689 volumus
1889 1649 1931 1688 et
1945 1647 2212 1690 concedimus

345 1738 460 1792 quod
489 1737 659 1792 integra
688 1737 903 1779 restitucio
936 1739 977 1778 et
1012 1737 1140 1793 plena
1170 1736 1369 1780 liberacio
1397 1753 1444 1779 ac
1473 1737 1678 1793 possessio
1707 1737 1814 1779 fiant
1839 1737 1963 1779 dictis
1993 1737 2137 1780 abbati
2167 1741 2210 1780 et

346 1827 575 1869 conventui
604 1830 648 1870 et
678 1827 982 1870 successoribus
1012 1828 1098 1870 suis
1128 1828 1180 1869 de
1210 1828 1333 1870 terris
1363 1827 1619 1870 tenementis
1649 1827 1894 1870 molendino
1926 1828 2047 1883 aquis
2077 1829 2211 1884 pratis

342 1918 527 1973 pasturis
557 1918 800 1961 nemoribus
828 1918 1066 1961 redditibus
1095 1918 1404 1961 reversionibus
1435 1922 1477 1961 et
1508 1919 1692 1961 serviciis
1732 1919 1958 1961 antedictis
1991 1935 2088 1962 cum
2124 1920 2210 1962 suis

341 2008 614 2063 pertinenciis
659 2043 667 2050 .
711 2009 976 2052 Habendum
1007 2013 1051 2052 et
1080 2011 1315 2052 tenendum
1346 2010 1503 2052 eisdem
1534 2009 1678 2052 abbati
1709 2012 1753 2052 et
1782 2011 2007 2053 conventui
2040 2026 2088 2053 ac
2117 2026 2208 2053 suc-

344 2099 573 2143 cessoribus
612 2101 699 2143 suis
740 2102 792 2144 de
832 2101 953 2144 nobis
994 2104 1036 2144 et
1075 2101 1301 2144 heredibus
1341 2102 1495 2144 nostris
1545 2101 1590 2143 in
1631 2103 1880 2157 perpetuam
1922 2101 2207 2144 elemosinam.

345 2190 582 2234 Reddendo
603 2191 725 2234 nobis
745 2195 789 2234 et
808 2192 1033 2235 heredibus
1054 2193 1208 2235 nostris
1229 2192 1413 2234 dominis
1433 2193 1485 2234 de
1506 2191 1729 2235 OGEMORE
1747 2191 2035 2248 quadraginta
2054 2191 2209 2234 solidos

345 2281 570 2324 annuatim
589 2282 902 2338 imperpetuum
924 2299 999 2339 pro
1021 2283 1276 2325 omnimodis
1297 2283 1481 2325 serviciis
1501 2282 1705 2325 custumis
1725 2285 1768 2324 et
1787 2281 2026 2325 accionibus
2046 2285 2096 2325 ut
2114 2297 2208 2338 pre-

344 2372 506 2415 dictum
528 2376 589 2415 est
614 2407 621 2415 .
646 2373 772 2416 salvis
793 2375 982 2416 custodia
1002 2377 1045 2416 et
1065 2374 1260 2430 proficuis
1281 2374 1490 2416 dictorum
1511 2388 1734 2415 nemorum
1759 2374 1908 2415 eodem
1927 2374 2053 2415 modo
2083 2375 2210 2429 prout

345 2469 557 2506 reservata
576 2464 753 2506 fuerunt
772 2466 827 2507 ad
847 2465 1030 2521 primam
1046 2465 1323 2508 donacionem
1344 2480 1419 2521 per
1438 2465 1654 2521 prefatum
1670 2464 1971 2509 WILLELMUM
1988 2463 2208 2507 LONDON'.

346 2553 444 2597 Hec
465 2555 623 2597 etenim
644 2556 910 2598 concedimus
930 2555 1075 2599 abbati
1095 2559 1138 2599 et
1158 2556 1385 2598 conventui
1414 2556 1613 2612 predictis
1643 2558 1685 2598 et
1717 2555 2019 2598 successoribus
2049 2555 2134 2598 suis
2154 2555 2210 2598 'in

347 2645 652 2687 relevacionem
673 2647 935 2701 paupertatis
955 2647 1106 2688 domus
1126 2647 1313 2702 predicte
1335 2650 1376 2688 et
1396 2646 1442 2688 in
1464 2646 1861 2702 augmentacionem
1886 2645 2023 2687 divini
2047 2645 2210 2688 servicii

347 2736 392 2778 in
414 2737 574 2789 eadem,
596 2738 652 2779 ad
671 2737 957 2780 intencionem
982 2739 1097 2793 quod
1126 2738 1207 2793 ipsi
1238 2738 1434 2780 devocius
1464 2741 1585 2780 orent
1615 2752 1691 2793 pro
1720 2736 1832 2779 bono
1861 2739 1975 2779 statu
2005 2739 2149 2779 nostro
2169 2740 2213 2779 et

346 2842 422 2883 pro
453 2828 676 2870 animabus
705 2829 1027 2885 progenitorum
1057 2832 1100 2871 ct
1129 2829 1335 2871 heredum
1374 2833 1614 2871 nostrorum
1647 2828 1961 2884 imperpetuum
1998 2861 2006 2870 .
2049 2828 2212 2883 Aliqua

348 2919 605 2974 possessione
625 2921 835 2961 terrarum
855 2922 1196 2962 tenementorum
1217 2919 1453 2962 molendini
1473 2934 1680 2974 aquarum
1700 2921 1920 2974 pratorum
1940 2920 2211 2973 pasturarum

347 3025 569 3053 nemorum
584 3011 831 3053 reddituum
848 3011 1135 3055 reversionum
1148 3014 1190 3054 et
1204 3011 1474 3054 serviciorum
1487 3011 1774 3066 predictorum
1787 3013 1863 3052 aut
1877 3010 2021 3066 aliqua
2033 3010 2211 3053 materia
