2386 3645
340 265 450 307 1412

282 472 434 515 Sancte
464 472 612 514 matris
642 471 810 513 ecclesie
840 469 938 511 filiis
968 470 1022 510 ad
1062 484 1166 525 quos
1195 468 1274 510 hoc
1313 483 1482 524 presens
1518 467 1720 523 scriptum
1755 466 1992 522 pervenerit
2029 466 2219 509 salutem.

279 562 498 605 Noveritis
518 577 594 605 nos
617 562 848 618 inspexisse
878 561 1244 604 confirmacionem
1273 559 1383 602 bone
1413 559 1613 601 memorie
1644 557 1805 600 domini
1835 557 2060 599 EnwARm
2093 557 2229 612 patris

278 654 412 696 nostri
432 669 567 710 nuper
586 653 748 696 domini
770 651 1129 695 GLAMORGANCIE
1150 656 1192 693 et
1213 651 1487 693 MORGANCIE
1509 665 1637 705 quam
1658 649 1758 691 fecit
1775 648 2055 704 burgensibus
2071 648 2223 690 nostris

278 744 331 786 de
353 743 549 786 mem
571 745 622 786 de
642 743 908 786 libertatibus
928 757 1072 785 eorum
1093 742 1139 784 in
1160 741 1236 784 hec
1258 741 1395 784 verba.

335 834 597 876 EDWARDUs
627 834 666 876 le
696 834 965 876 DESPENSER
1001 832 1197 874 dominus
1238 831 1596 874 GLAMORGANCIE
1630 834 1672 873 et
1712 830 1986 872 Monomcm
2028 828 2223 872 omnibus

276 924 446 967 ballivis
466 927 509 967 et
528 924 733 966 ministris
753 923 906 966 nostris
927 938 975 965 ac
995 923 1089 964 aliis
1109 922 1305 964 fidelibus
1326 928 1563 977 presentem
1585 925 1744 963 cartam
1764 920 2014 976 inspecturis
2042 920 2221 962 salutem

277 1015 323 1057 in
344 1015 532 1057 Domino
554 1014 868 1070 sempiternam.

335 1105 486 1148 Sciatis
506 1106 619 1162 quod
640 1106 691 1147 de
713 1104 854 1160 gracia
869 1103 1002 1145 nostri
1023 1102 1192 1158 speciali
1213 1102 1407 1144 dedimus
1424 1107 1465 1144 et
1480 1103 1757 1145 concessimus
1770 1102 2052 1158 burgensibus
2067 1103 2221 1145 nostris

274 1196 374 1239 ville
395 1200 535 1238 nostre
556 1196 608 1238 de
630 1195 826 1238 KENFEG
849 1208 994 1236 omnes
1013 1192 1229 1235 libertates
1249 1192 1504 1248 subscriptas
1533 1193 1848 1248 imperpetuum
1879 1193 2076 1235 videlicet
2106 1194 2222 1249 quod

272 1287 353 1343 ipsi
374 1291 416 1329 et
436 1287 609 1329 heredes
629 1286 696 1328 sui
715 1285 850 1341 quieti
870 1287 913 1326 et
943 1283 1065 1326 liberi
1095 1284 1180 1325 sint
1211 1284 1263 1325 de
1295 1283 1484 1326 thelonio
1513 1283 1709 1339 muragio
1739 1284 1943 1340 pontagio
1974 1284 2155 1340 pavagio
2175 1289 2217 1327 et

271 1378 456 1433 terragio
477 1377 662 1433 kayagio
683 1381 726 1418 et
746 1375 914 1432 picagio
935 1378 977 1417 et
997 1374 1091 1417 aliis
1112 1374 1287 1416 diversis
1308 1373 1511 1416 custumis
1531 1377 1573 1416 et
1594 1373 1970 1416 consuetudinibus
1986 1389 2061 1430 per
2081 1377 2220 1417 totum

271 1469 509 1511 dominium
529 1471 721 1510 nostrum
741 1470 830 1509 tam
850 1466 896 1507 in
917 1465 1101 1508 ANGLIA
1122 1479 1252 1520 quam
1272 1465 1318 1506 in
1346 1464 1556 1509 WALLIA.

326 1559 387 1601 Et
407 1559 520 1614 quod
539 1558 621 1614 ipsi
641 1557 798 1613 eligere
819 1556 1001 1599 debeant
1021 1556 1245 1598 annuatim
1275 1555 1453 1598 ballivos
1484 1558 1647 1598 nostros
1677 1556 1729 1598 de
1760 1554 2042 1612 burgensibus
2062 1556 2216 1599 nostris

268 1649 461 1707 ejusdem
490 1649 590 1691 ville
620 1648 816 1690 videlicet
836 1651 920 1690 tres
949 1647 1182 1703 prepositos
1212 1647 1264 1689 de
1304 1646 1457 1703 quibus
1496 1646 1724 1690 vicecomes
1757 1645 2115 1689 GLAMORGANCIE
2146 1662 2222 1690 seu

268 1741 603 1784 constabularius
624 1739 749 1782 castri
768 1738 902 1781 nostri
922 1739 975 1780 de
997 1737 1193 1780 KENFEG
1224 1752 1360 1780 unum
1381 1737 1554 1793 recipiet
1584 1738 1639 1780 ad
1669 1738 1933 1780 voluntatem
1963 1753 2083 1780 suam
2113 1739 2218 1781 duos

268 1831 446 1874 ballivos
466 1846 518 1874 ex
539 1829 693 1886 quibus
713 1830 950 1886 prepositus
969 1829 1142 1885 recipiet
1161 1844 1297 1871 unum
1318 1832 1361 1871 et
1381 1829 1487 1871 duos
1512 1831 1734 1871 tastatores
1764 1828 1935 1871 cervisie
1965 1829 2040 1884 qui
2060 1829 2217 1872 debent

267 1922 396 1977 recipi
417 1924 460 1964 et
478 1921 615 1977 jurari
634 1921 681 1962 in
701 1920 872 1963 castello
897 1922 1040 1962 nostro
1071 1920 1123 1962 de
1153 1919 1351 1963 KENFEG
1383 1934 1522 1962 coram
1552 1919 1794 1961 vicecomite
1816 1933 1890 1961 seu
1910 1919 2219 1963 constabulario

267 2012 458 2068 ejusdem
479 2012 603 2054 castri
624 2012 679 2053 ad
699 2010 805 2053 bene
826 2014 869 2053 et
889 2010 1071 2053 fideliter
1090 2010 1334 2052 faciendum
1356 2024 1619 2066 quecumque
1639 2011 1694 2052 ad
1715 2010 1850 2052 officia
1880 2025 1956 2052 sua
1987 2010 2214 2066 pertinent.

267 2103 328 2145 Et
350 2104 463 2159 quod
483 2103 596 2145 idem
616 2102 853 2158 prepositus
872 2102 1036 2144 onerari
1057 2102 1183 2144 debet
1202 2102 1248 2143 in
1269 2105 1461 2157 compoto
1484 2116 1558 2143 suo
1583 2102 1635 2143 de
1660 2101 1844 2143 exitibus
1867 2100 2037 2143 ballivie
2059 2116 2223 2144 eorum..

268 2194 330 2237 Et
351 2195 482 2237 eciam
502 2195 715 2250 predictus
734 2194 971 2249 prepositus
991 2197 1033 2236 et
1053 2193 1235 2236 ballivus
1255 2193 1330 2249 qui
1350 2208 1425 2248 pro
1445 2195 1634 2249 tempore
1655 2192 1818 2234 fuerint
1834 2206 1909 2247 pro
1931 2192 2116 2235 serviciis
2131 2193 2217 2235 suis

269 2287 322 2328 de
342 2285 514 2327 redditu
534 2284 661 2327 unius
680 2284 881 2340 burgagii
902 2284 988 2327 sint
1008 2283 1188 2340 quilibet
1208 2299 1354 2327 eorum
1375 2284 1542 2339 quietus
1562 2298 1636 2339 per
1666 2298 1842 2325 annum.

326 2376 617 2419 Concessimus
638 2376 770 2418 eciam
792 2376 989 2431 predictis
1008 2376 1292 2432 burgensibus
1311 2375 1466 2418 nostris
1486 2376 1600 2431 quod
1621 2375 1673 2417 de
1695 2373 1891 2416 omnibus
1915 2373 2217 2418 merchandisis

267 2471 358 2511 tam
378 2482 452 2523 per
472 2471 630 2509 terram
650 2481 779 2522 quam
800 2482 874 2523 per
895 2482 1050 2522 aquam
1071 2468 1125 2510 ad
1150 2467 1384 2523 predictam
1415 2466 1564 2508 villam
1594 2465 1863 2508 venientibus
1893 2480 1966 2508 seu
1994 2468 2216 2509 transeun-

269 2558 385 2600 tibus
415 2557 722 2600 demonstracio
752 2559 889 2613 primo
919 2558 993 2600 fiet
1033 2558 1342 2600 constabulario
1383 2561 1525 2600 nostro
1555 2557 1743 2612 predicto
1774 2571 1848 2598 seu
1879 2556 2090 2612 preposito
2121 2556 2223 2599 ville

268 2649 516 2705 priusquam
537 2647 700 2703 aliquid
720 2647 820 2690 inde
842 2648 896 2690 sit
916 2649 1140 2690 venditum
1161 2663 1235 2691 seu
1254 2655 1466 2690 remotum
1487 2647 1565 2690 sub
1586 2662 1697 2703 pena
1717 2662 1802 2702 qua
1822 2647 1952 2688 decet.

331 2739 391 2782 Et
420 2740 534 2794 quod
563 2739 708 2781 nullus
738 2739 790 2781 de
820 2738 1102 2795 burgensibus
1132 2739 1286 2782 nostris
1316 2739 1409 2794 capi
1438 2754 1515 2781 nec
1544 2737 1812 2794 imprisonari
1842 2736 1993 2780 debeat
2019 2737 2066 2779 in
2087 2743 2220 2781 castro

269 2834 413 2873 nostro
433 2830 622 2885 predicto
643 2845 718 2886 pro
739 2829 952 2885 aliquibus
972 2845 1041 2872 eos
1060 2831 1339 2886 tangentibus
1356 2831 1459 2872 dum
1474 2830 1849 2886 manucapcionem
1865 2845 1938 2872 seu
1953 2829 2217 2886 plegiagium

272 2924 392 2963 extra
412 2923 585 2976 pontem
605 2921 730 2963 castri
750 2921 929 2976 predicti
950 2936 1023 2963 seu
1042 2925 1210 2977 portam
1230 2924 1399 2977 possent
1424 2921 1615 2963 invenire
1635 2921 1718 2963 nisi
1748 2921 1793 2962 in
1824 2935 1922 2962 casu
1942 2919 2101 2962 felonie
2121 2935 2218 2962 cum

273 3025 530 3067 manuopere
574 3013 744 3053 tantum
793 3011 906 3067 capti
944 3011 1106 3054 fuerint
1138 3027 1211 3054 seu
1242 3027 1318 3071 pro
1359 3011 1570 3067 aliquibus
1609 3025 1686 3054 nos
1725 3014 1800 3053 aut
1839 3010 2024 3053 familias
2058 3014 2229 3053 nostras.
