2386 3645
1911 303 2020 345 1455

1009 633 1201 678 MXOV.

133 739 349 783 ROYAL
378 740 646 784 PRECIPE
683 739 758 782 ΤΟ
791 740 923 784 THE
959 741 1236 784 SHERIFF
1272 742 1350 785 OF
1381 743 1715 798 WARWIGK,
1747 748 1869 792 FOR
1903 751 2075 796 LEVY

278 831 357 873 OF
405 831 547 874 MEN
596 831 672 874 ΤΟ
725 831 968 875 RESOUE
1017 831 1417 877 ALEXANDER
1467 835 1922 884 BERKEROLLES
1972 842 2074 886 BE-

277 922 507 966 SEIGED
548 922 621 966 IN
661 922 909 966 GOYTYF
951 923 1198 968 OASTLE.

224 1030 354 1088 [Ror.
379 1030 557 1084 CLAUS„
581 1032 606 1073 6
638 1031 765 1074 ΗΕΝ.
788 1031 886 1085 IV„
909 1046 1052 1075 MEMB.
1077 1034 1131 1074 29
1164 1048 1313 1076 Donso.
1375 1034 1504 1078 Bm.
1529 1036 1660 1089 Mus„
1683 1037 1860 1081 SLoANE
1891 1040 1985 1083 MS.

939 1124 1067 1175 4597,
1090 1123 1121 1166 f.
1146 1124 1268 1181 241]

1300 1217 1353 1258 13
1374 1215 1490 1259 Nov.
1554 1219 1579 1259 6
1600 1218 1725 1261 Hm.
1749 1219 1831 1264 IV.
1895 1223 2017 1265 1404.

741 1320 814 1362 DE
846 1335 1216 1364 PROCLAMATIONE
1248 1338 1485 1367 FAcmNDA.

194 1412 290 1455 Rex
329 1412 567 1454 vicecomiti
608 1411 926 1455 WARREWICIE
978 1413 1169 1456 salutem.
1233 1413 1339 1457 Cum
1383 1416 1435 1458 de
1475 1416 1735 1460 avisamento
1780 1434 1998 1474 procerum
2038 1424 2081 1464 et

133 1506 388 1561 magnatum
426 1503 550 1559 regni
589 1503 724 1545 nostri
763 1503 962 1546 ANGLIAE
1001 1505 1048 1547 in
1088 1506 1274 1561 presenti
1313 1506 1593 1561 parliamento
1633 1512 1776 1552 nostro
1819 1511 2079 1555 existentiun

132 1594 469 1638 ordinaverimus
501 1594 765 1636 carissimum
798 1595 936 1637 filium
971 1598 1163 1637 nostrum
1192 1596 1528 1652 primogenitum
1558 1598 1815 1642 HENRICUM
1848 1601 2082 1659 principem

132 1685 342 1730 WALLIAE
357 1700 404 1727 ao
417 1684 680 1728 carissimum
693 1685 831 1727 filium
843 1689 1036 1728 nostrum
1045 1686 1250 1729 THOMAM
1264 1688 1318 1729 ad
1330 1688 1566 1746 proficis[c]
1573 1691 1732 1733 endum
1745 1706 1887 1734 versus
1900 1695 2082 1736 castrum

132 1778 185 1820 de
207 1777 382 1820 GOYTYF
414 1779 457 1818 et
486 1776 690 1819 dilectum
722 1779 763 1818 et
794 1776 962 1819 fidelem
990 1777 1153 1833 ligeum
1182 1781 1375 1820 nostrum
1395 1778 1722 1823 ALEXANDRUM
1751 1780 2081 1825 BERKEROLLES

133 1867 353 1910 dominum
375 1868 428 1909 de
459 1866 635 1909 CoYTYF
657 1867 703 1909 in
725 1870 860 1910 castro
881 1868 1084 1924 praedicto
1115 1884 1190 1924 per
1209 1868 1384 1911 rebelles
1405 1873 1568 1913 nostros
1590 1870 1871 1915 WALLENsEs
1892 1873 2078 1917 obsisum

136 1959 224 2015 (sio)
258 1958 312 2001 ab
343 1957 550 2001 obsisione
575 1958 779 2013 praedicta
811 1974 907 2001 cum
938 1959 1021 2002 Dei
1052 1959 1266 2016 adjutorio
1297 1960 1622 2003 deliberandum
1643 1966 1685 2004 et
1704 1963 2018 2006 rescutiendum
2039 1968 2081 2007 et

132 2051 323 2093 volentes
353 2049 529 2106 proinde
557 2050 610 2091 de
635 2053 843 2105 potestate
872 2051 1097 2093 sufficienti
1121 2051 1309 2107 ipsorum
1336 2051 1534 2094 ffiliorum
1564 2055 1806 2096 nostrorum
1826 2055 1881 2096 ad
1911 2055 2079 2097 ordina-

129 2141 291 2184 tionem
310 2140 560 2197 praedictam
580 2141 626 2182 in
647 2140 785 2183 forma
806 2142 1009 2197 praedicta
1028 2142 1371 2198 perimplendum
1390 2143 1610 2198 providere
1644 2177 1652 2185 .
1686 2143 1785 2186 Tibi
1811 2146 2080 2201 praecipimus

131 2233 310 2276 firmiter
353 2231 629 2288 injungentes
671 2233 785 2288 quod
829 2233 988 2289 viginti
1035 2233 1230 2276 homines
1279 2235 1333 2276 ad
1383 2249 1502 2276 arma
1550 2238 1734 2277 armatos
1782 2240 1824 2278 et
1879 2237 2081 2280 ducentos

130 2323 372 2381 sagittarios
412 2324 465 2365 de
505 2323 710 2366 comitatu
749 2326 824 2366 tuo
865 2325 918 2366 de
958 2325 1096 2381 magis
1136 2325 1438 2368 sufficientibus
1471 2326 1659 2381 personis
1699 2328 1754 2369 ad
1797 2327 2078 2371 laborandum

129 2415 282 2458 melius
330 2413 510 2456 munitis
553 2414 728 2457 armatis
773 2418 815 2457 et
855 2415 1048 2457 arraiatis
1090 2416 1180 2458 sine
1225 2416 1428 2458 dilatione
1471 2417 1605 2459 levari
1646 2419 1688 2459 et
1729 2418 1902 2460 arraiari
1946 2419 2076 2462 facias

128 2506 324 2562 ipsosque
363 2505 422 2547 sic
456 2505 616 2547 levatos
651 2507 694 2547 et
724 2505 927 2548 arraiatos
962 2521 1090 2562 penes
1122 2506 1309 2561 prefatos
1342 2507 1452 2549 filios
1490 2510 1653 2550 nostros
1688 2523 1820 2564 usque
1859 2508 2070 2552 civitatem

128 2599 316 2639 nostram
352 2595 658 2637 HEREFORDOE
694 2595 740 2638 in
770 2596 941 2652 propria
972 2611 1150 2652 persona
1179 2600 1254 2639 tua
1283 2598 1411 2639 ducas
1446 2601 1489 2640 et
1528 2599 1624 2640 duci
1659 2598 1800 2640 facias.
1861 2598 1932 2640 Ita
1962 2601 2076 2655 quod

128 2687 316 2744 prompti
351 2688 436 2728 sint
468 2689 510 2728 et
543 2686 682 2741 parati
712 2685 872 2729 ibidem
902 2687 970 2729 die
1006 2687 1160 2730 Martis
1195 2687 1241 2730 in
1272 2687 1380 2731 festo
1412 2687 1579 2731 Sanctae
1611 2688 1869 2731 KATERINAE
1898 2689 2076 2746 virginis

127 2778 321 2835 proximo
357 2776 505 2819 futuro
540 2777 596 2819 ad.
635 2777 984 2832 proficiscendum
1025 2793 1122 2821 cum
1161 2779 1338 2834 prefatis
1379 2779 1477 2821 filiis
1511 2779 1666 2822 nostris
1706 2795 1849 2822 versus
1889 2783 2073 2823 castrum

129 2869 384 2925 praedictum
416 2883 469 2909 ex
501 2882 625 2909 causa
664 2868 869 2923 praedicta
899 2871 942 2911 et
972 2869 1029 2911 sic
1064 2870 1160 2925 (sor
1189 2870 1273 2925 dic)
1307 2870 1498 2926 praefatis
1527 2870 1772 2913 hominibus
1801 2871 1856 2913 ad
1886 2885 2003 2913 arma
2033 2875 2076 2914 et

128 2958 360 3015 sagittariis
390 2958 504 3013 quod
544 2957 626 3013 ipsi
666 2958 712 3000 in
748 2973 894 3001 eorum
929 2960 1118 3002 adventu
1153 2961 1268 3015 apud
1303 2961 1520 3003 civitatem
1555 2961 1804 3016 praedictam
1833 2965 2074 3018 promptam

126 3049 382 3092 solutionem
411 3049 464 3090 de
495 3047 632 3090 vadiis
662 3048 748 3093 suis
778 3050 832 3091 de
861 3050 1042 3104 praefato
1071 3051 1262 3107 principe
1283 3054 1325 3093 et
1356 3051 1531 3094 concilio
1553 3066 1627 3093 suo
1647 3050 1807 3094 ibidem
1827 3051 2072 3108 percipient.
