2386 3645
1916 286 2023 328 1501

197 492 362 534 Datum
399 492 534 535 Reus
576 492 690 547 apud
731 490 936 533 Sanctum
969 489 1162 532 Panum
1195 504 1265 531 HJ.
1305 489 1373 532 Id'
1406 490 1569 546 Aprilis
1595 524 1603 533 .
1638 491 1916 534 Pontificatus
1951 492 2084 534 nostri

141 598 254 626 anno
275 587 404 626 sexto.

1011 672 1096 715 Pro
1117 672 1175 714 N.
1199 673 1251 714 de
1274 672 1540 715 GENERANo.
1602 672 1651 714 P.
1675 674 1726 715 de
1748 673 2082 718 WARTIMBERG.

198 764 290 807 The
311 765 459 807 leaden
482 765 600 808 bulla
620 764 665 806 of
694 763 766 806 the
788 763 905 819 Pope
926 763 962 805 is
981 764 1204 819 appended
1223 762 1283 818 by
1303 778 1328 805 a
1347 763 1530 818 hempen
1551 764 1662 805 cord.

197 856 490 898 Endorsed—-‘
509 855 527 905 ἓ
548 855 620 899 W.
660 855 807 897 Gesler
824 855 834 873 '
871 855 925 911 (P)
960 856 1047 897 and
1076 855 1122 897 in
1153 869 1177 896 a
1207 855 1384 897 modern
1419 854 1727 897 hand—‘Ball
1757 855 1802 897 of
1841 855 2004 898 Martin
2045 858 2085 909 5,

140 954 191 990 a0·
222 948 261 999 6,
282 947 458 989 relative
487 950 530 989 to
561 946 634 988 the
664 946 925 1002 plundering
956 946 1001 988 of
1030 945 1102 988 the
1133 945 1289 1001 Abbey
1317 946 1363 988 of
1392 945 1551 997 Neath,
1583 947 1669 988 and
1698 947 1984 1004 empowering
2014 948 2086 990 the

138 1038 286 1081 Abbot
307 1039 351 1081 of
380 1038 581 1094 Margam
603 1042 646 1079 to
667 1037 1029 1079 excommunicate
1049 1037 1122 1079 the
1143 1036 1330 1092 parties.’

974 1503 1240 1547 MOXXVI.

138 1628 437 1672 OITATION
469 1628 555 1671 BY
585 1628 614 1671 J
618 1627 920 1670 OHANNES
952 1628 1037 1670 DE
1070 1627 1358 1681 OPPIOZIS,
1382 1627 1640 1671 DEORET.
1675 1629 1823 1681 DOO.‚
1847 1630 1924 1671 OF
1955 1629 2085 1672 THE

283 1718 550 1762 PARTIES
598 1718 1009 1762 OOMPLAINED
1052 1719 1129 1761 OF
1170 1719 1256 1762 BY
1296 1720 1466 1763 JOHN
1507 1719 1837 1772 MEURUGK,
1878 1720 2086 1763 ABBOT

282 1810 360 1853 OF
390 1810 682 1861 MARGAM,
721 1809 1107 1853 RESPEGTING
1143 1810 1274 1853 THE
1309 1810 1539 1854 TITHES
1577 1810 1655 1853 OF
1691 1810 1821 1853 THE
1857 1811 2084 1854 MANOR

277 1902 356 1945 OF
395 1901 851 1944 MOREGRANGE.

848 2010 1079 2067 [MARGAM
1103 2010 1360 2068 CHARTER]
1631 2013 1684 2054 13
1715 2011 1830 2054 APR.
1896 2013 2019 2054 1423.

189 2117 431 2160 JOHANNES
464 2119 516 2159 de
550 2117 755 2160 OPPICZIS
785 2119 1049 2161 decretorum
1080 2120 1225 2161 doctor
1255 2119 1418 2161 domini
1449 2120 1581 2162 nostri
1617 2119 1733 2175 Pape
1765 2121 2007 2175 capellanus
2040 2123 2083 2162 et

133 2208 266 2264 ipsius
305 2209 410 2251 sacri
449 2209 604 2264 palacii
645 2209 865 2265 apostolici
906 2225 1126 2251 causarum
1168 2225 1374 2265 causeque
1415 2213 1458 2252 et
1493 2211 1685 2266 partibus
1715 2210 1995 2267 infrascriptis
2028 2211 2081 2253 ab

131 2300 278 2342 eodem
311 2300 484 2342 domino
513 2304 656 2343 nostro
685 2300 806 2356 Papa
831 2301 1000 2343 auditor
1027 2301 1263 2357 specialiter
1288 2302 1530 2357 deputatus.
1592 2301 1818 2344 Universis
1838 2305 1879 2344 et
1900 2302 2080 2358 singulis

131 2391 314 2433 dominis
343 2391 570 2434 abbatibus
598 2392 807 2447 prioribus
835 2393 1057 2448 prepositis
1078 2393 1204 2434 decan
1212 2393 1247 2434 is
1268 2392 1573 2435 archidiaconis
1594 2393 1819 2436 scolasticis
1838 2393 2080 2436 cantoribus

130 2482 444 2525 succentoribus
471 2483 745 2526 thesaurariis
776 2484 1018 2526 custodibus
1044 2484 1226 2526 sacristis
1251 2484 1463 2526 canonicis
1489 2487 1579 2526 tam
1612 2484 1918 2527 cathedralium
1949 2500 2077 2539 quam

130 2573 451 2629 collegiatarum
472 2573 860 2629 parochialiumque
881 2575 1148 2617 ecclesiarum
1176 2574 1406 2616 rectoribus
1429 2577 1471 2616 et
1490 2574 1826 2617 locatenentibus
1846 2576 2076 2617 eorundem

129 2663 323 2720 plebanis
344 2663 627 2719 viceplebanis
647 2666 875 2721 capellanis
896 2666 1053 2708 curatis
1069 2669 1110 2708 et
1130 2681 1217 2708 11011
1231 2666 1387 2708 curatis
1407 2666 1637 2721 ceterisque
1656 2665 1898 2720 presbiteris
1918 2666 2076 2708 clericis

129 2755 305 2797 notariis
324 2758 367 2796 et
386 2754 685 2798 tabellionibus
712 2757 892 2812 publicis
922 2757 1257 2813 quibuscumque
1278 2772 1353 2812 per
1373 2757 1589 2798 civitatem
1610 2759 1653 2798 et
1673 2756 1869 2798 diocesim
1890 2755 2072 2798 LANDA-

129 2859 309 2888 VENSEM
341 2849 384 2887 et
411 2846 515 2887 alias
543 2846 722 2888 ubilibet
751 2848 991 2890 constitutis
1016 2853 1058 2890 et
1079 2863 1224 2890 eorum
1245 2847 1417 2889 cuilibet
1437 2847 1483 2888 in
1505 2847 1688 2889 solidum
1709 2847 1762 2888 ad
1783 2861 1909 2902 quem
1932 2847 1998 2888 vel
2019 2848 2074 2889 ad

130 2951 235 2992 quos
266 2939 482 2991 presentes
515 2940 656 2979 nostre
688 2938 829 2980 littere
861 2939 1132 2994 pervenerint
1165 2939 1346 2981 salutem
1367 2938 1412 2979 in
1433 2938 1605 2979 domino
1626 2940 1669 2979 et
1689 2937 1901 2979 mandatis
1921 2938 2074 2980 nostris

127 3026 376 3082 hujusmodi
396 3027 640 3081 ymoverius
661 3028 900 3082 apostolicis
920 3029 1098 3071 firmiter
1118 3029 1298 3071 obedire.
