2386 3645
298 334 408 376 1396

294 540 447 583 Esson'
469 542 651 584 termino
673 541 834 584 Pasche
856 557 968 584 anno
990 549 1148 584 xxviffl·
1176 542 1227 584 de
1248 556 1391 583 mense
1412 539 1586 583 Pasche.
1648 539 1809 582 Rotulo
1830 538 1978 594 primo.

294 632 552 674 HEREFORD
585 647 687 675 Posr
737 632 912 689 v1sUM.]
996 632 1026 676 J
1029 647 1238 675 OHANNES
1283 633 1335 674 de
1386 632 1615 674 MOUBRAY
1655 632 1707 672 de
1746 630 1999 672 AxiHOLME
2040 643 2185 671 versus

235 722 441 765 ΤΗΟΜΑΜ
478 724 530 765 (16
563 723 716 766 BELLO
742 723 899 766 CAMPO
927 723 1124 766 comitem
1156 723 1399 766 WARWICK
1425 724 1477 766 (16
1505 722 1660 778 placito
1689 725 1797 764 terre
1826 736 1901 776 per
1933 720 2179 763 RICARDUM

232 812 443 855 AMCOTEs
478 829 503 856 a
534 814 602 856 die
633 814 779 857 Sancti
811 814 1071 856 MICHAEms
1102 814 1146 855 in
1178 817 1263 855 tres
1290 813 1546 868 septimanas
1579 827 1653 868 per
1688 812 1893 868 placitum
1929 811 2095 854 Tuom,
2129 811 2181 852 de

234 902 443 946 Essomco
463 903 647 946 clamat'.

289 993 565 1047 Enwnmns,
586 999 679 1046 etc„
702 994 936 1038 vicecomiti
965 994 1241 1036 HERFORDIE
1264 994 1456 1036 salutem.
1518 993 1782 1050 Precipimus
1803 993 1882 1035 tibi
1903 993 2016 1048 quod
2037 992 2181 1035 venire

230 1085 362 1128 facias
390 1100 529 1128 coram
559 1085 806 1141 justiciariis
834 1086 988 1128 nostris
1018 1086 1133 1141 apud
1158 1085 1620 1128 WESTMONASTERIUM
1653 1085 1835 1127 crastino
1871 1084 2181 1140 purificacionis

227 1176 349 1220 beate
382 1177 541 1220 MARIE
568 1192 653 1220 xm.
675 1179 765 1219 tam
785 1176 942 1218 milites
963 1191 1091 1231 quam
1112 1175 1217 1218 alios
1236 1175 1389 1218 liberos
1409 1181 1451 1218 et
1472 1176 1631 1231 legales
1650 1175 1843 1218 homines
1864 1177 1916 1218 de
1941 1175 2032 1218 visu
2053 1175 2179 1218 castri

227 1268 279 1310 (16
308 1267 584 1310 SWEYNESEY
611 1270 653 1310 et
683 1270 793 1309 terre
814 1268 866 1309 de
889 1266 1061 1309 GOWER
1081 1280 1178 1308 cum
1206 1266 1476 1322 pertinentiis
1496 1266 1542 1308 in
1565 1265 1760 1308 WALLIA
1783 1281 1964 1321 quorum
1996 1265 2175 1321 quilibet

227 1358 382 1401 habeat
404 1366 446 1401 σ’-
473 1362 582 1401 terre
601 1392 610 1401 .
628 1358 861 1401 tenementi
882 1358 949 1400 vel
970 1357 1161 1399 redditus
1182 1371 1257 1412 per
1277 1371 1438 1399 annum
1460 1357 1515 1399 ad
1535 1357 1678 1399 minus
1697 1372 1772 1413 per
1792 1372 1897 1412 quos
1928 1357 1989 1400 rei
2026 1357 2181 1399 veritas

227 1450 379 1492 melius
404 1450 499 1492 sciri
520 1450 687 1505 poterit.
751 1449 810 1491 Et
832 1449 905 1505 qui
925 1463 1003 1491 nec
1023 1447 1192 1490 THOMA
1214 1449 1266 1490 de
1287 1447 1440 1490 BELLo
1469 1447 1626 1490 CAMPO
1657 1448 1800 1490 comiti
1830 1446 2072 1490 WAmeK
2102 1463 2180 1490 nec

228 1540 257 1584 J
261 1555 484 1582 OHANNEM
519 1541 571 1582 de
604 1539 835 1583 MOUBRAY
865 1540 918 1581 (16
944 1539 1198 1581 AXIHOLME
1228 1539 1371 1594 aliqua
1401 1538 1608 1580 affinitate
1639 1539 1864 1595 attingunt
1895 1539 1948 1580 ad
1977 1553 2178 1595 recogno-

225 1632 426 1674 scendum
456 1646 582 1687 super
612 1633 923 1674 sacramentum
955 1645 1080 1673 suum
1111 1630 1145 1672 si
1174 1629 1459 1673 WILLELMUS
1490 1630 1542 1672 de
1575 1630 1798 1683 Bmzousn,
1829 1629 2027 1682 cheval'r,
2059 1630 2178 1673 dedit

223 1725 407 1765 castrum
443 1723 494 1764 de
527 1722 804 1764 SWEYNESEY
836 1724 878 1764 et
913 1725 1070 1764 terram
1101 1722 1153 1763 de
1186 1720 1357 1763 Gowssn
1385 1735 1481 1763 cum
1509 1720 1779 1776 pertinentiis
1804 1721 1849 1763 in
1873 1721 2068 1764 WALLIA
2095 1736 2177 1777 que

225 1815 439 1870 predictus
461 1828 597 1856 comes
618 1814 663 1855 in
685 1813 800 1855 curia
819 1816 965 1856 nostra
982 1827 1121 1855 coram
1142 1812 1388 1869 justiciariis
1404 1812 1558 1854 nostris
1579 1813 1694 1867 apud
1711 1812 2175 1855 WESTMONASTERIUM

223 1905 378 1946 clamat
399 1907 448 1946 ut
468 1904 539 1960 jus
561 1919 685 1946 suum
706 1919 850 1946 versus
871 1918 968 1946 eum
991 1902 1247 1959 quibusdam
1278 1902 1307 1945 J
1310 1917 1488 1945 onANNI
1520 1904 1572 1944 de
1600 1902 1832 1945 MOUBRAY
1859 1903 1971 1959 patri
2000 1903 2178 1959 predicti

219 1995 450 2037 JOHANMS
491 1996 543 2037 de
580 1994 810 2037 MOUBRAY
843 1995 895 2036 de
928 1994 1179 2036 AxmoLME
1213 1996 1257 2036 et
1291 1993 1444 2036 ALINE
1485 1993 1609 2035 uxori
1642 1993 1736 2049 ejus
1778 1996 1820 2036 et
1860 1993 2086 2036 heredibus
2126 1995 2178 2037 de

222 2085 464 2142 corporibus
491 2086 680 2142 ipsorum
693 2085 723 2128 J
726 2100 925 2128 oHANNis
947 2086 999 2127 de
1019 2085 1251 2127 MoUBRAY
1272 2085 1405 2140 patris
1425 2088 1468 2126 et
1496 2084 1649 2126 ALINE
1682 2084 1936 2127 exeuntibus
1963 2099 2037 2140 per
2065 2086 2179 2139 quod

223 2177 338 2219 idem
367 2177 397 2220 J
400 2191 600 2219 OHANNIS
627 2178 680 2219 de
708 2177 939 2219 MOUBRAY
970 2178 1023 2219 de
1054 2176 1307 2219 AxmoLME
1338 2176 1516 2218 advocat
1544 2176 1599 2218 ad
1635 2175 1887 2218 warantiam
1915 2176 1944 2218 J
1947 2191 2174 2219 οΗΑΝΝΕΜ

222 2267 360 2310 filium
388 2267 416 2310 J
420 2281 618 2309 OHANNis
651 2269 702 2309 de
731 2268 961 2310 MOUBRAY
993 2271 1036 2310 et
1062 2266 1092 2310 J
1095 2281 1319 2309 OHANNEM
1352 2267 1404 2309 de
1432 2266 1602 2309 BOHUN
1634 2268 1686 2309 (16
1717 2266 1966 2309 MIDHURST
2001 2283 2179 2310 consan-

223 2358 429 2414 guineum
450 2363 491 2400 et
512 2358 711 2400 heredem
731 2359 909 2414 predicti
927 2358 1176 2402 WILLELMI
1194 2373 1336 2400 versus
1357 2357 1595 2413 predictum
1612 2357 1810 2399 comitem
1831 2357 2002 2400 admitti
2022 2358 2174 2401 debeat

221 2449 328 2492 sicut
349 2449 562 2504 predictus
582 2449 611 2491 J
615 2464 825 2491 OHANNES
846 2451 898 2492 de
921 2449 1150 2492 MOUBRAY
1172 2450 1224 2491 de
1240 2449 1494 2491 Axinomm
1516 2448 1620 2490 dicit
1636 2448 1703 2491 vel
1723 2463 1810 2490 non
1832 2448 1938 2491 sicut
1958 2449 2171 2504 predictus

227 2554 364 2582 comes
394 2539 509 2582 dicit.
584 2539 698 2586 Quia
728 2543 818 2582 tani
849 2541 1063 2596 predictus
1094 2555 1230 2583 comes
1261 2555 1390 2595 quam
1420 2539 1632 2594 predictus
1665 2538 1694 2582 J
1698 2553 1908 2581 OHANNES
1937 2540 2049 2582 inter
2076 2555 2180 2596 quos

222 2631 323 2674 inde
354 2631 571 2674 contencio
600 2635 662 2674 est
689 2635 922 2688 posuerunt
943 2647 985 2674 se
1016 2632 1061 2673 in
1081 2631 1271 2686 juratam
1302 2630 1433 2672 illam.
1496 2629 1556 2672 Et
1584 2629 1740 2672 habeas
1767 2630 1827 2672 ibi
1858 2630 2032 2673 nomina
2056 2631 2177 2686 jura-

223 2724 365 2764 torum
405 2725 447 2764 et
487 2721 565 2764 hoc
598 2721 737 2764 breve.
800 2721 926 2764 Teste
967 2722 1186 2765 JOHANNE
1219 2722 1272 2763 de
1311 2720 1514 2763 STONORE
1552 2721 1666 2775 apud
1709 2719 2175 2763 WESTMONASTERIUM

222 2827 390 2855 xxan.
425 2812 493 2854 die
529 2812 723 2855 Octobris
753 2827 865 2855 anno
896 2813 1019 2868 regni
1047 2813 1180 2855 nostri
1211 2813 1395 2854 ANGLm
1431 2811 1624 2854 vicesimo
1663 2811 1842 2866 septimo
1875 2844 1884 2852 .
1918 2811 2041 2867 regni
2075 2827 2171 2855 vero

223 2903 429 2945 Famem
452 2907 603 2958 quarto
623 2904 798 2946 decimo.
865 2904 936 2958 (28
960 2903 1155 2955 October,
1182 2904 1325 2957 1353.)
1391 2902 1551 2945 Rotulo
1573 2916 1746 2944 cxxxrs.

278 2993 670 3037 Indorsiamentum
702 2994 895 3050 ejusdem
930 2994 1069 3037 brevis
1104 2995 1294 3050 sequitur
1329 2994 1374 3036 in
1407 2993 1483 3035 hec
1521 2993 1659 3036 verba.
1723 2993 1820 3049 Ego
1859 2993 2092 3036 RmARsz
2124 2995 2177 3036 (16

224 3084 419 3127 BRUGGE
449 3084 677 3127 vicecomes
705 3084 823 3128 vobis
848 3085 906 3128 sic
933 3086 1178 3141 respondeo.
1240 3085 1454 3128 Execucio
1485 3084 1607 3127 istius
1635 3083 1774 3127 brevis
1802 3087 1920 3140 patet
1941 3084 1985 3126 in
2006 3085 2177 3141 panello
