2386 3645
1952 281 2061 324 1361

176 484 426 527 monasterii
461 484 590 526 maris
621 482 759 525 littori
788 481 1034 538 adjacentes
1060 482 1116 524 dc
1143 481 1299 537 quibus
1324 482 1406 537 ipsi
1426 481 1556 525 abbas
1582 486 1625 525 et
1652 488 1882 528 conventus
1904 487 2049 544 fruges
2074 488 2122 531 in

173 575 286 618 bona
320 575 560 631 quantitate
596 573 809 629 percipere
850 571 1043 614 solebant
1078 576 1120 614 et
1158 573 1206 614 in
1241 572 1394 628 quibus
1426 587 1572 616 eorum
1605 574 1808 617 animalia
1841 578 2120 632 pascebantur

174 669 348 722 propter
385 665 515 707 maris
553 663 884 707 excrescenciam
923 665 967 704 et
1004 662 1310 705 inundaciones
1347 663 1540 706 insolitas
1573 664 1620 705 in
1655 679 1813 720 magna
1846 672 1966 722 parte
1999 672 2120 712 erant

174 757 334 813 absque
370 755 706 812 recuperacionis
745 768 818 809 spe
858 767 1089 795 summerse
1128 753 1296 808 aliaque
1331 754 1520 796 maneria
1560 757 1602 796 et
1641 755 1916 809 possessiones
1956 773 2024 800 eos
2063 758 2116 802 ob

171 847 438 903 pestilencias
479 850 522 888 et
561 845 824 888 calamitates
861 843 968 886 alias
1007 843 1166 886 colonis
1204 847 1495 886 remanserant
1534 845 1751 897 destituta,
1784 850 1833 888 ut
1863 847 1936 889 vix
1970 863 2021 890 cx
2060 849 2120 891 eis

171 938 436 994 perciperent
462 937 738 979 medietatem
760 950 907 978 eorum
937 950 1019 990 que
1045 934 1259 990 percipere
1280 940 1584 978 consueverant
1611 939 1653 978 et
1682 938 1795 992 quod
1814 939 2117 982 monasterium

172 1029 316 1085 ipsum
356 1044 409 1071 ex
448 1027 591 1070 litium
641 1025 917 1069 amfractibus
957 1025 1112 1082 quibus
1151 1025 1256 1068 dicti
1295 1025 1425 1068 abbas
1471 1029 1513 1069 et
1557 1030 1789 1071 conventus
1828 1029 2039 1084 sepissime
2079 1033 2122 1073 et

170 1120 286 1162 varie
322 1119 510 1175 impetiti
549 1121 593 1161 et
632 1117 825 1161 distracti
864 1118 1046 1169 fuerant,
1088 1132 1136 1159 ac
1175 1117 1436 1159 decimarum
1484 1117 1890 1174 imposicionumque
1939 1119 2117 1163 aliarum

169 1212 294 1254 solito
331 1210 696 1266 frequencicribus
735 1208 1028 1252 exactionibus
1076 1209 1255 1264 aliisque
1294 1209 1602 1265 multiplicibus
1643 1224 1894 1266 guerrarum
1932 1214 1974 1253 et
2013 1214 2118 1254 tem-

169 1317 322 1359 porum
362 1300 677 1344 discriminibus
716 1316 764 1343 ac
803 1300 980 1342 diversis
1023 1299 1346 1342 inevitabilibus
1385 1299 1583 1342 oneribus
1632 1300 1976 1344 incumbentibus
2014 1303 2116 1344 adeo

169 1393 325 1436 debitis
372 1393 618 1435 involutum
666 1398 708 1434 et
763 1393 1101 1448 depauperatum
1151 1390 1373 1442 existebat,
1425 1391 1539 1446 quod
1592 1406 1669 1433 1100
1718 1392 1774 1434 ad
1831 1393 2116 1448 reparandum

171 1484 340 1528 edificia
369 1483 474 1542 dicti
503 1483 749 1526 monasterii
780 1498 862 1539 que
897 1482 952 1525 cb
981 1484 1239 1525 vetustatem
1271 1484 1314 1524 et
1340 1484 1564 1524 ventorum
1588 1481 1804 1525 horridam
1826 1482 2120 1539 intemperiem

168 1575 216 1619 in
266 1575 352 1632 maj
359 1575 422 1618 ori
472 1578 590 1631 parte
641 1574 825 1630 collapsa
873 1575 1008 1626 erant,
1050 1576 1126 1616 aut
1174 1573 1314 1628 lapsui
1363 1576 1405 1616 et
1454 1572 1576 1615 ruine
1624 1573 1831 1629 proxima,
1872 1589 2009 1629 neque
2061 1576 2114 1617 ad

169 1667 506 1723 hospitalitatem
545 1666 715 1709 solitam
749 1665 985 1708 tenendum
1019 1680 1097 1707 1100
1137 1665 1193 1707 ad
1233 1664 1479 1706 solvendum
1517 1664 1661 1707 debita
1693 1679 1830 1720 neque
1863 1666 1917 1707 ad
1948 1665 2116 1721 reliqua

170 1773 300 1801 onera
326 1758 617 1813 supportanda
644 1757 787 1813 aliquo
814 1757 942 1799 modo
963 1754 1246 1812 suppetebant
1273 1755 1377 1798 dicti
1395 1755 1642 1797 monasterii
1661 1755 1884 1798 facultates
1904 1756 2114 1811 parrochi-

167 1850 280 1892 alem
315 1849 532 1891 ecclesiam
568 1849 620 1891 de
654 1848 845 1890 PENLYN
876 1847 1063 1903 predicte
1088 1847 1298 1889 dioceseos
1325 1847 1377 1888 de
1408 1861 1611 1888 consensu
1642 1846 1817 1901 capituli
1847 1847 1912 1888 sui
1943 1847 2111 1889 ecclesie

170 1940 492 1984 LANDAVENSIS
520 1940 659 1982 eidem
685 1938 942 1981 monasterio
962 1937 1214 1980 auctoritate
1236 1937 1448 1980 ordinaria
1468 1937 1781 1992 imperpetuum
1801 1936 1940 1979 univit
1956 1952 2115 1979 annex-

163 2033 230 2076 uit
251 2035 294 2074 et
313 2031 598 2087 incorporavit
630 2065 639 2073 .
672 2030 734 2072 Et
755 2031 869 2086 quod
889 2030 1162 2086 postmodum
1183 2029 1284 2084 quia
1303 2028 1448 2070 forsan
1471 2027 1720 2083 hujusmodi
1744 2028 1846 2070 unio
1867 2029 2049 2071 annexio
2070 2031 2112 2071 et

165 2123 452 2179 incorporacio
482 2121 651 2179 juribus
681 2136 770 2164 non
804 2120 1091 2163 subsistebant
1131 2120 1306 2176 quidam
1336 2119 1516 2161 eandem
1550 2119 1767 2161 ecclesiam
1797 2119 1863 2175 cuj
1872 2134 1919 2162 us
1948 2119 2112 2162 fructus

161 2215 355 2258 redditus
389 2217 433 2256 et
465 2217 696 2270 proventus
725 2213 907 2269 triginta
939 2213 1210 2254 marcharum
1242 2211 1544 2266 sterlingorum
1579 2211 1810 2252 secundum
1842 2225 2108 2253 communem

170 2305 495 2349 extimacionem
535 2305 718 2347 valorem
762 2319 955 2346 annuum
994 2307 1044 2346 ut
1084 2302 1284 2345 asseritur
1323 2316 1410 2343 non
1444 2302 1653 2343 excedunt
1693 2316 1718 2342 a
1753 2302 1848 2342 sede
1884 2302 2111 2356 apostolica

167 2396 415 2453 impetravit
445 2429 454 2437 .
489 2395 632 2442 Quare
661 2410 738 2451 pro
768 2398 888 2450 parte
917 2395 1107 2450 ipsorum
1137 2392 1302 2436 abbatis
1330 2396 1372 2434 et
1397 2396 1629 2433 conventus
1649 2390 1770 2433 nobis
1789 2391 1874 2433 fuit
1893 2391 2111 2434 humiliter

168 2487 454 2543 supplicatum
474 2488 524 2528 ut
545 2486 604 2529 eis
624 2487 679 2528 ad
700 2486 1038 2541 supportandum
1058 2499 1186 2526 onera
1201 2482 1482 2539 reparacionis
1496 2482 1796 2537 hospitalitatis
1812 2485 1853 2523 et
1869 2481 2109 2524 debitorum

161 2578 386 2622 solucionis
405 2577 655 2634 hujusmodi
674 2577 894 2632 providere
915 2577 968 2619 de
988 2575 1170 2630 alicujus
1190 2573 1483 2616 subvencionis
1504 2573 1662 2615 auxilio
1684 2573 1957 2628 dignaremur
1978 2606 1987 2614 .
2010 2572 2102 2615 Nos

162 2670 297 2727 igitur
317 2668 566 2724 hujusmodi
586 2667 969 2724 supplicacicnibus
989 2665 1184 2708 inclinati
1209 2697 1218 2706 .
1241 2663 1504 2706 fraternitati
1525 2666 1597 2704 tue
1618 2677 1692 2718 per
1707 2663 1936 2718 apostolica
1951 2663 2105 2718 scripta

162 2759 468 2803 committimus
507 2761 550 2801 et
588 2759 843 2800 mandamus
877 2757 1080 2813 quatinus
1118 2756 1297 2798 eandem
1332 2753 1548 2796 ecclesiam
1583 2753 1695 2795 dicto
1718 2752 1947 2795 monastrio
1982 2753 2104 2809 cujus

163 2851 328 2894 fructus
357 2850 549 2892 redditus
577 2852 622 2891 et
650 2851 881 2904 proventus
910 2849 963 2890 de
993 2847 1147 2903 quibus
1177 2850 1345 2887 centum
1374 2858 1549 2899 persone
1577 2845 1868 2885 sustentantur
1893 2843 2103 2899 quingen-

158 2946 301 2984 tarum
338 2940 610 2983 marcharum
650 2939 760 2982 dicte
801 2943 969 2981 monete
1010 2938 1242 2980 secundum
1281 2935 1516 2991 predictam
1555 2933 1878 2975 extimacionem
1913 2934 2099 2978 valorem

163 3046 357 3075 annuum
397 3034 446 3073 ut
485 3030 684 3073 asseritur
723 3045 810 3072 non
846 3029 1057 3071 excedunt
1091 3026 1341 3070 auctoritate
1376 3023 1604 3080 apostolica
1637 3023 1950 3079 imperpetuum
1984 3025 2108 3068 unias

366 3170 438 3205 'lv
