2386 3645
1914 292 2025 334 1587

1001 827 1233 871 MOLXV.

150 951 596 998 AOQUITTANOE
640 952 727 994 BY
779 951 1085 1000 WILLIAM,
1126 952 1332 995 ABBOT
1373 953 1451 995 OF
1505 953 1960 1008 TEWKESBURY,
2012 956 2087 1000 TO

294 1042 571 1086 MARGAM
602 1043 830 1094 ABBEY,
863 1042 987 1085 FOR
1024 1042 1281 1086 ELEVEN
1312 1043 1561 1086 POUNDS
1598 1044 1724 1087 TEN
1754 1045 2092 1090 SHILLINGS

293 1133 472 1176 FARM
519 1133 690 1176 RENT
742 1133 866 1176 FOR
911 1133 1041 1175 THE
1097 1133 1436 1177 CHUROHES
1480 1134 1558 1177 OF
1602 1135 1909 1179 KENEFEK
1957 1138 2091 1180 AND

294 1224 693 1268 NEWGASTLE.

865 1298 1097 1355 [MARGAM
1128 1298 1382 1356 CHARTER.]

1310 1406 1458 1450 eoczr.
1519 1408 1572 1449 21
1606 1407 1731 1450 HEN.
1764 1409 1846 1452 VI.
1910 1411 2033 1452 1442.
2098 1384 2099 1387 '

209 1513 421 1556 Noverint
441 1513 628 1556 universi
648 1529 722 1569 per
753 1516 967 1569 presentes
998 1529 1074 1556 nos
1099 1513 1398 1556 WILLELMUM
1428 1515 1699 1570 permissione
1730 1516 1876 1558 divina
1901 1516 2098 1560 abbatem

152 1604 396 1646 monasterii
417 1603 470 1646 B.
493 1603 555 1646 M.
579 1605 632 1646 de
663 1603 971 1646 TEUKESBURY
991 1604 1192 1659 recepisse
1227 1607 1308 1659 (etc
1312 1638 1458 1647 .....
1482 1609 1558 1647 etc.
1581 1611 1630 1647 ut
1651 1607 1795 1662 supra)
1820 1608 1872 1648 de
1892 1607 2100 1664 religiosis

152 1694 252 1736 viris
268 1710 304 1736 a.
323 1697 413 1736 etc.
435 1695 487 1736 de
503 1694 564 1736 M.
587 1695 789 1737 undecim
805 1694 933 1737 libras
950 1698 991 1737 et
1013 1696 1157 1737 decem
1179 1695 1332 1738 solidos
1354 1696 1655 1752 sterlingorum
1671 1696 1791 1739 nobis
1807 1696 1860 1739 ab
1880 1697 2037 1740 eisdem
2058 1702 2100 1740 et

151 1799 298 1827 eorum
317 1786 572 1828 monasterio
594 1785 758 1828 debitos
779 1787 831 1828 de
853 1789 1058 1841 perpetua
1081 1787 1217 1828 ffirma
1237 1786 1504 1828 ecclesiarum
1523 1790 1762 1829 nostrarum
1783 1789 1834 1830 de
1864 1788 2096 1830 KENEFEK

150 1879 193 1918 et
222 1876 353 1919 Novo
374 1875 545 1918 CASTRo
566 1877 618 1918 de
639 1877 821 1919 termino
854 1876 1000 1920 Sancti
1036 1877 1293 1919 MICHAELIS
1322 1877 1586 1934 Archangeli
1605 1878 1757 1921 ultimo
1777 1879 1978 1935 preterito
1998 1883 2098 1923 ante

151 1967 300 2009 datum
327 1967 603 2022 presencium.
667 1967 735 2010 De
757 1967 910 2023 quibus
936 1967 1109 2023 quidem
1130 1968 1327 2010 undecim
1355 1968 1475 2011 libris
1495 1971 1538 2011 et
1558 1970 1703 2012 decem
1727 1970 1871 2012 solidis
1892 1972 1943 2013 de
1964 1971 2102 2013 ffirma

149 2057 339 2113 predicta
379 2058 432 2100 de
472 2059 654 2101 termino
694 2059 882 2114 predicto
925 2058 1111 2100 fatemur
1146 2073 1223 2100 nos
1255 2058 1346 2101 fore
1382 2059 1540 2101 solutos
1579 2059 1794 2115 dictosque
1827 2060 2024 2103 abbatem
2059 2064 2102 2103 et

152 2151 408 2190 conventum
428 2148 528 2190 inde
549 2149 713 2204 quietos
733 2164 808 2205 per
828 2152 1043 2205 presentes
1064 2149 1205 2205 sigillo
1227 2152 1369 2191 nostro
1390 2149 1608 2206 sigillatas.

209 2239 375 2281 Datum
426 2241 541 2295 apud
596 2240 903 2283 TEUKESBURY
950 2244 1067 2283 sexto
1108 2241 1177 2283 die
1217 2241 1373 2284 mensis
1417 2241 1610 2284 Octobris
1649 2257 1762 2285 anno
1801 2243 1924 2299 regni
1968 2243 2102 2300 Regis

152 2330 358 2373 HENRICI
380 2331 489 2373 sexti
510 2334 606 2387 post
627 2335 905 2387 conquestum
925 2332 1121 2374 vicesimo
1143 2333 1293 2387 primo.

212 2419 324 2473 Seal,
344 2421 524 2478 slightly
546 2423 653 2475 oval‚
682 2423 793 2478 lssin.
817 2423 875 2478 by
900 2423 998 2475 lin.‚
1021 2438 1151 2478 green
1179 2438 1287 2464 wax.
1348 2422 1405 2465 In
1438 2438 1463 2465 a
1497 2423 1620 2466 niehe
1651 2423 1756 2466 with
1789 2425 1915 2480 triple
1948 2424 2102 2467 Gothic

153 2526 319 2567 canopy
334 2511 407 2554 the
422 2512 582 2568 Vir-gin
603 2514 688 2555 and
710 2513 837 2556 Child
858 2514 1019 2565 seated3
1046 2513 1118 2555 the
1134 2512 1274 2565 abbot,
1295 2512 1476 2570 holding
1490 2514 1556 2556 his
1570 2515 1755 2570 pastoral
1770 2515 1882 2568 staff,
1899 2515 2101 2572 kneeling

155 2605 200 2644 at
220 2601 296 2644 her
315 2616 469 2658 proper
489 2602 582 2655 left,
604 2603 678 2645 the
700 2604 824 2646 crook
844 2604 1027 2646 towards
1046 2602 1229 2646 himself.

597 2693 655 2736 ‘s'
684 2695 892 2737 SECRETU'
917 2729 925 2737 .
948 2694 1100 2737 WILL'I
1125 2729 1133 2737 .
1157 2694 1299 2736 ABB'Is
1323 2729 1331 2737 .
1353 2695 1664 2738 TEUKESBUR'.'
