2386 3645
1884 324 1994 365 1285

1013 702 1150 745 MIX.

109 809 324 853 ROYAL
364 808 535 852 WRIT
585 809 661 852 TO
713 809 844 851 THE
894 809 1292 856 EXOHEQUER
1342 810 1465 853 FOR
1504 811 1549 854 A
1589 811 1748 856 OOPY
1792 814 1869 856 OF
1919 816 2049 859 THE

252 899 499 942 REOORD
530 899 608 942 OF
627 900 672 942 A
692 899 837 942 SUIT
868 899 1185 943 BETWEEN
1205 900 1498 944 WILLIAM
1524 902 1609 944 DE
1640 903 2048 959 BEAUOHAMP,

248 989 419 1032 EARL
470 989 548 1032 OF
589 989 924 1043 WARWIOK,
965 989 1100 1033 AND
1144 990 1435 1034 WILLIAM
1480 992 1563 1034 DE
1605 993 1864 1047 BREUSE,
1907 996 2046 1040 OON-

252 1080 538 1124 OERNING
565 1080 868 1124 SWANSEA
899 1080 1132 1123 OASTLE
1165 1081 1298 1124 AND
1331 1082 1461 1125 THE
1492 1083 1667 1126 LAND
1699 1084 1777 1128 OF
1808 1085 2047 1141 GOWER,

251 1172 431 1216 WITH
472 1171 602 1214 THE
645 1171 805 1214 OOPY
844 1170 1200 1214 APPENDED.

191 1280 377 1337 [PRO.
400 1279 586 1322 EscAE‘r.
610 1279 785 1324 INQUIS.
809 1278 921 1321 POST
942 1279 1089 1321 MORT.
1150 1281 1205 1321 26
1236 1280 1365 1322 EDW.
1388 1280 1494 1334 ΙΙΙ.,
1518 1282 1608 1324 2Ν1)
1629 1297 1854 1336 NUMBERS,
1878 1284 1968 1341 66.]

1216 1388 1268 1429 17
1300 1388 1401 1431 OCT.
1462 1390 1518 1430 26
1549 1389 1676 1432 EDW.
1710 1391 1801 1434 ΠΙ.
1865 1393 1991 1435 1352.

165 1495 428 1538 EDWARDUS
468 1494 554 1537 Dei
594 1494 733 1550 gratia
773 1494 866 1536 Rex
918 1494 1103 1536 ANGLOE
1154 1497 1196 1537 et
1244 1495 1450 1538 FRANCIE
1491 1500 1532 1539 et
1572 1498 1769 1541 dominus
1809 1499 2048 1542 HIBERNIE

102 1585 365 1629 thesaurario
387 1588 430 1627 et
451 1585 689 1628 camerariis
711 1585 796 1627 suis
817 1586 1010 1627 salutem.

160 1675 365 1720 Volentes
386 1676 509 1718 certis
530 1677 583 1717 de
605 1676 739 1717 causis
761 1675 976 1717 certiorari
997 1691 1122 1731 super
1141 1678 1311 1718 recordo
1333 1680 1375 1719 et
1395 1693 1589 1733 processu
1609 1680 1774 1734 loquele
1795 1695 1875 1735 que
1896 1681 1982 1723 fuit
2002 1681 2049 1724 in

103 1768 219 1810 curia
251 1767 415 1809 domini
447 1766 673 1808 EDWARDI
711 1767 927 1821 quondam
961 1766 1094 1822 Regis
1127 1768 1308 1809 ANGLIE
1341 1769 1408 1810 avi
1440 1770 1574 1811 nostri
1610 1785 1748 1812 coram
1778 1770 1966 1813 ROGERo
1996 1773 2050 1814 de

104 1857 295 1901 SEYTON'
328 1861 371 1900 et
403 1857 523 1900 sociis
554 1858 640 1899 suis
670 1860 772 1899 tunc
805 1857 1050 1913 justiciariis
1081 1857 1271 1913 ejusdem
1305 1859 1373 1900 avi
1403 1860 1536 1901 nostri
1565 1861 1617 1902 de
1647 1860 1792 1902 Banco
1823 1876 1897 1916 per
1926 1861 2052 1905 breve

100 1964 224 1991 suum
240 1949 352 1991 inter
368 1949 589 1991 dominum
604 1947 903 1991 WILLELMUM
920 1949 972 1989 de
990 1948 1143 1989 BELLo
1165 1948 1321 1990 OAMPo
1342 1965 1478 2004 nuper
1493 1952 1689 1993 comitem
1705 1951 2042 1995 WARREWYKIE

98 2042 315 2096 petentem
351 2042 393 2081 et
419 2039 719 2083 WILLELMUM
756 2040 808 2081 de
843 2039 1025 2081 BREUsE
1058 2042 1289 2091 tenentem,
1327 2041 1378 2082 de
1413 2043 1546 2082 castro
1579 2042 1632 2083 de
1667 2040 1973 2084 SWEYNESEYE
2004 2050 2047 2085 et

101 2133 193 2173 tota
213 2133 326 2173 terra
356 2131 408 2172 de
441 2129 654 2181 GOWERE‚
679 2130 796 2172 vobis
827 2131 1080 2172 mandamus
1111 2131 1224 2185 quod
1255 2131 1451 2172 scrutatis
1480 2132 1630 2173 rotuh's
1659 2132 1836 2187 predicti
1867 2132 2045 2175 ROGERI

102 2222 155 2264 de
175 2224 364 2277 ternpore
385 2222 574 2277 predicto
597 2222 670 2277 qui
699 2224 799 2263 sunt
819 2222 864 2262 in
885 2221 1148 2262 thesauraria
1168 2224 1311 2263 nostra
1336 2221 1413 2263 sub
1434 2222 1623 2264 custodia
1642 2225 1782 2264 vestra
1811 2225 1861 2264 ut
1891 2223 2046 2266 dicitur

97 2315 287 2355 tenorem
316 2313 478 2355 recordi
509 2316 552 2354 et
579 2328 795 2368 processus
817 2313 1104 2368 predictorum
1136 2328 1231 2354 cum
1257 2312 1452 2355 omnibus
1473 2329 1521 2355 ea
1541 2313 1818 2369 tangentibus
1846 2314 1967 2356 nobis
1996 2315 2042 2357 in

97 2402 345 2445 concellaria
372 2405 517 2445 nostra
545 2403 623 2445 sub
651 2403 793 2459 sigillo
821 2404 1013 2445 scaccarii
1041 2403 1186 2455 nostri,
1211 2406 1302 2455 eto„
1326 2404 1415 2445 sine
1446 2404 1650 2446 dilatione
1679 2404 1861 2446 mittatis
1892 2407 1934 2446 et
1964 2404 2041 2447 hoc

99 2491 239 2536 breve.

154 2582 280 2626 Teste
304 2598 372 2626 me
402 2583 492 2639 ipso
518 2585 633 2640 apud
656 2584 1117 2628 WESTMONASTERIUM
1146 2598 1260 2626 xvm.
1291 2585 1360 2626 die
1389 2584 1593 2636 Octobris,
1617 2600 1729 2627 anno
1759 2585 1882 2640 regni
1905 2585 2038 2627 nostri

94 2673 280 2717 ANGLIE
301 2674 497 2717 vicesimo
519 2678 650 2725 sexto,
673 2675 796 2731 regni
816 2690 914 2717 vero
936 2675 1069 2716 nostri
1090 2674 1295 2716 FRANCIE
1317 2675 1620 2717 terciodecimo

157 2765 452 2808 Endorsed—-‘
470 2764 679 2807 Tenorem
710 2766 871 2807 recordi
905 2768 948 2807 et
980 2780 1195 2820 processus
1230 2766 1281 2807 de
1316 2765 1469 2821 quibus
1504 2765 1617 2807 infra
1652 2766 1702 2807 fit
1730 2766 1892 2807 mencio
1922 2765 2041 2809 vobis

99 2856 310 2899 mittimus
332 2856 378 2898 in
399 2856 548 2898 cedula
568 2856 667 2898 huic
686 2855 806 2898 brevi
827 2855 1078 2898 consutum.'
