2386 3645
1965 295 2073 337 1571

187 495 328 537 tenuit
348 495 460 537 dioto
481 495 550 537 die
570 509 653 550 quo
674 494 779 537 obiit
798 497 847 536 ut
866 495 1105 550 predictum
1125 499 1186 537 est
1208 495 1320 537 inter
1341 497 1425 539 alia
1445 497 1556 539 dicte
1577 497 1653 539 IsA
1661 513 1797 541 BELLE
1815 500 1859 541 in
1881 501 1992 543 dicto
2012 501 2129 544 brevi

185 585 402 628 nominate
423 586 553 628 sorori
574 588 616 628 et
635 585 781 627 heredi
801 585 981 641 predicti
1002 585 1198 628 RmARm
1230 587 1309 628 filii
1339 590 1381 629 et
1410 587 1556 629 heredi
1585 590 1764 644 predicti
1794 590 1960 633 ΤΗΟΜΕ
1991 607 2127 647 nuper

185 676 348 718 domini
367 676 407 718 le
429 676 696 718 DESPENSER
717 676 910 718 defuncti
929 677 1237 719 descenderunt
1257 681 1306 718 ut
1326 677 1471 720 heredi
1491 678 1639 720 lineah'
1658 679 1704 721 in
1717 681 1836 722 tallia
1856 696 1930 736 per
1944 682 2126 725 formam

183 767 427 810 donacionis
447 770 490 809 et.
510 767 755 823 particionis
775 767 1062 822 predictarum
1083 782 1130 809 eo
1150 768 1263 823 quod
1282 768 1398 810 idem
1418 768 1650 811 RmARsz
1680 769 1793 812 filius
1824 770 1989 813 ΤΗΟΜΕ
2020 772 2126 815 obiit

185 859 276 901 sine
304 859 458 901 herede
488 859 541 900 de
573 873 745 914 corpore
777 873 853 900 suo
883 862 1065 900 exeunte
1098 892 1106 900 .
1141 858 1236 905 Que
1257 859 1429 914 quidem
1460 859 1682 902 ISABELLA
1715 862 1767 903 de
1798 862 1953 904 eisdem
1984 864 2128 906 castris

181 949 381 991 maneriis
402 952 445 991 et
465 949 559 991 aliis
579 949 792 1004 premissis
812 964 894 1004 que
914 948 1106 1004 prefatus
1128 948 1388 992 GILBERTUS
1410 965 1545 1006 nuper
1568 966 1704 993 comes
1723 952 1863 993 tenuit
1884 953 1966 994 fuit
1987 954 2127 995 seisita

183 1041 229 1082 in
249 1040 462 1083 dominico
484 1055 558 1082 suo
580 1043 629 1082 ut
649 1041 702 1082 de
717 1039 842 1082 feodo
858 1040 1024 1081 talliato
1046 1039 1126 1082 sibi
1146 1045 1187 1082 et
1202 1040 1428 1083 heredibus
1449 1041 1534 1083 suis
1549 1042 1602 1083 de
1618 1056 1787 1097 corpore
1808 1058 1882 1085 suo
1903 1045 2128 1098 procreatis

183 1147 258 1187 per
279 1131 461 1173 formam
483 1130 729 1173 donacionis
744 1134 786 1172 et
807 1130 1052 1186 particionis
1068 1146 1115 1173 ac
1135 1131 1421 1187 predictarum
1441 1132 1681 1174 litterarum
1702 1133 1943 1188 patentium
1964 1134 2128 1190 prefato

184 1221 415 1265 GILBERTO
450 1237 587 1277 nuper
618 1221 761 1263 comiti
795 1227 845 1262 ut
880 1221 1094 1277 prefertur
1123 1222 1411 1264 confectarum
1434 1256 1443 1265 .
1467 1222 1527 1264 Et
1558 1223 1611 1265 de
1641 1223 1718 1265 tali
1749 1227 1866 1266 statu
1895 1224 1994 1266 inde
2025 1225 2130 1267 obiit

179 1313 321 1355 seisita
353 1347 361 1354 .
395 1312 456 1354 Et
477 1312 535 1355 sic
556 1312 705 1354 dicunt
725 1312 828 1354 dicti
848 1312 983 1368 jurati
1004 1314 1118 1368 quod
1138 1314 1302 1368 prefata
1322 1313 1544 1376 ISABELLA
1572 1314 1712 1356 tenuit
1732 1314 1801 1356 die
1831 1330 1914 1370 quo
1946 1315 2050 1358 obiit
2079 1316 2125 1358 in

180 1405 306 1447 feodo
326 1405 492 1446 talliato
514 1403 595 1446 sibi
616 1408 658 1446 et
678 1404 904 1446 heredibus
925 1405 977 1446 de
999 1419 1168 1460 corpore
1190 1420 1264 1447 suo
1284 1406 1512 1460 procreatis
1533 1409 1581 1447 ut
1612 1405 1731 1447 heres
1754 1406 1921 1448 linealis
1941 1407 1986 1448 in
2006 1408 2127 1449 ‘callia

182 1496 341 1538 virtute
368 1496 608 1538 litterarum
636 1496 877 1551 patentium
908 1496 1194 1551 predictarum
1224 1496 1366 1538 omnia
1391 1498 1538 1538 eadem
1560 1500 1695 1539 castra
1724 1497 1913 1539 maneria
1943 1498 2131 1540 dominia

181 1589 315 1629 terras
330 1591 372 1629 et
387 1590 632 1629 tenementa
648 1586 776 1629 feoda
794 1587 1092 1629 advocaciones
1108 1591 1149 1629 et
1164 1588 1247 1629 alia
1263 1588 1466 1643 premissa
1482 1589 1527 1629 in
1544 1588 1668 1630 dictis
1684 1588 1905 1631 MARCHIA
1919 1593 1962 1631 et
1976 1590 2129 1632 litteris

175 1678 421 1734 patentibus
450 1679 687 1734 specificata
717 1693 814 1720 cum
853 1679 1122 1734 pertinentiis
1152 1683 1246 1733 post
1276 1679 1343 1734 cuj
1350 1694 1398 1721 us
1428 1681 1609 1721 mortem
1639 1679 1782 1721 omnia
1812 1681 1961 1722 eadem
1990 1683 2125 1722 castra

178 1769 369 1811 maneria
390 1773 430 1811 et
452 1770 536 1811 alia
561 1769 763 1825 premissa
784 1785 865 1825 que
895 1769 1072 1812 fuerunt
1101 1770 1279 1825 predicti
1312 1769 1535 1812 GILBERTI
1565 1785 1702 1826 nuper
1732 1770 1896 1812 comitis
1917 1785 2013 1812 cum
2033 1786 2126 1826 per-

177 1860 371 1902 tinentiis
399 1860 707 1902 descenderunt
739 1859 954 1902 HENRIOO
985 1876 1098 1903 nunc
1121 1861 1283 1903 comitis
1315 1859 1640 1916 WAR[REWIK]
1667 1860 1950 1902 adhuc‘infra
1970 1864 2127 1903 etatem

175 1954 218 1993 et
237 1951 283 1992 in
305 1951 496 1993 custodia
516 1951 680 1994 domini
703 1951 836 2007 Regis
857 1951 1057 1993 existenti
1081 1956 1126 1993 ut
1146 1951 1234 1994 filio
1265 1954 1307 1993 et
1337 1951 1483 1993 heredi
1513 1951 1706 2006 ejusdem
1735 1950 1958 1993 ISABELLE
1989 1967 2125 2007 nuper

176 2042 385 2084 comitisse
427 2057 474 2084 ac
513 2045 563 2084 ut
602 2042 750 2084 heredi
789 2041 936 2085 lineali
968 2042 1015 2083 in
1049 2042 1169 2084 tallia
1203 2056 1278 2097 per
1312 2041 1495 2083 formam
1528 2041 1773 2083 donacionis
1803 2042 2047 2097 particionis
2077 2056 2125 2084 ac

176 2133 416 2175 litterarum
460 2133 703 2188 patentium
750 2133 1037 2189 predictarum
1075 2167 1083 2175 .
1121 2132 1182 2174 Et
1224 2133 1371 2174 dicunt
1414 2133 1527 2187 quod
1569 2133 1716 2174 eadem
1761 2136 1897 2174 castra
1938 2133 2127 2174 dominia

175 2224 400 2266 comitatus
430 2224 567 2280 patrie
608 2227 651 2267 et
690 2224 775 2266 alia
815 2224 1019 2280 premissa
1058 2239 1140 2279 que
1180 2223 1348 2279 prefata
1382 2223 1605 2265 ISABELLA
1645 2224 1702 2264 sic
1742 2224 1882 2265 tenuit
1921 2223 1967 2265 in
2001 2223 2126 2266 feodo

172 2315 339 2357 talh'ato
361 2318 562 2357 tenentur
593 2316 645 2358 de
676 2315 848 2357 domino
877 2330 978 2371 rege
1008 2315 1053 2356 in
1085 2315 1222 2370 capite
1252 2318 1314 2356 set
1344 2329 1419 2370 per
1449 2315 1563 2369 quod
1593 2314 1816 2356 servicium
1851 2314 2052 2370 ignorant
2082 2318 2124 2356 et

173 2405 322 2447 dicunt
363 2407 477 2461 quod
513 2406 656 2448 omnia
697 2406 844 2448 eadem
884 2408 1019 2447 castra
1060 2405 1249 2447 dominia
1288 2405 1477 2446 maneria
1513 2409 1623 2446 terre
1662 2408 1705 2446 et
1744 2407 1988 2446 tenementa
2028 2420 2123 2447 cum

172 2511 317 2539 eorum
342 2496 612 2553 pertinentiis
640 2500 739 2539 sunt
765 2497 946 2552 parcelle
967 2497 1019 2538 de
1045 2496 1234 2538 dominio
1256 2497 1307 2538 de
1330 2495 1617 2538 GLAMORGAN
1638 2499 1680 2537 et
1701 2495 1845 2537 valent
1865 2511 1939 2550 per
1959 2510 2122 2537 annum

1289 2589 1402 2629 cccli.
1483 2587 1596 2628 Item
1637 2586 1786 2628 dicunt
1835 2586 1937 2627 dicti
1985 2585 2120 2641 jurati

170 2602 267 2630 cum
308 2587 504 2630 omnibus
544 2587 729 2630 exitibus
768 2588 881 2630 ultra
921 2588 1099 2643 reprisas

173 2680 285 2734 quod
317 2679 432 2721 dicta
463 2678 686 2721 ISABELLA
715 2679 856 2721 tenuit
876 2678 944 2721 die
966 2693 1049 2734 quo
1071 2678 1176 2720 obiit
1197 2684 1381 2720 castrum
1402 2680 1445 2719 et
1465 2677 1702 2719 manerium
1733 2677 1784 2718 de
1815 2676 2119 2718 SEYNTFAGAN

170 2772 214 2811 et
245 2770 485 2811 manerium
517 2771 569 2811 de
600 2768 859 2811 LESWRENY
879 2769 984 2811 alias
1015 2769 1177 2811 dictum
1198 2772 1381 2810 castrum
1402 2770 1444 2810 et
1463 2768 1702 2809 manerium
1733 2768 1785 2808 de
1816 2766 2117 2808 SEYNTFAGAN

169 2876 217 2903 ac
261 2860 500 2903 manerium
536 2861 589 2902 de
625 2859 884 2902 LESWRENY
920 2874 1016 2902 cum
1055 2859 1323 2915 pertinentiis
1354 2859 1398 2900 in
1436 2858 1625 2914 predicta
1659 2857 1880 2899 MAncmA
1921 2857 2116 2899 WALLIE

168 2951 305 2993 eidem
339 2951 560 2993 comitatui
597 2950 906 2992 GLOUCESTRIE
943 2950 1165 3005 adjacente
1206 2949 1286 2991 sibi
1318 2952 1361 2991 et
1392 2948 1617 2991 heredibus
1652 2948 1736 2989 suis
1772 2947 2112 3002 imperpetuum.

166 3040 243 3084 Set
287 3042 340 3083 de
382 3056 466 3097 quo
515 3041 583 3083 vel
633 3041 685 3083 de
737 3040 891 3096 quibus
940 3040 1130 3096 predicta
1180 3045 1363 3082 castrum
1413 3042 1457 3081 et
1514 3037 1703 3094 maneria
1741 3040 1942 3079 tenentur
1980 3036 2115 3092 jurati
