2386 3645
267 263 377 303 1614

262 467 359 510 Has
398 472 541 510 autem
581 469 833 511 donaciones
868 470 1150 512 concessiones
1189 470 1486 512 innovaciones
1515 470 1856 514 confirmaciones
1890 474 1933 514 et
1961 472 2140 515 ratifica-

201 558 340 600 ciones
358 559 535 614 prefatis
555 574 668 601 nunc
689 559 832 601 abbati
853 563 896 602 et
916 561 1142 602 conventui
1175 564 1216 602 et
1250 561 1552 603 successoribus
1587 562 1673 603 suis
1708 562 1884 604 fecimus
1913 562 1960 604 in
1989 577 2141 617 puram

199 651 241 690 et
283 654 532 704 perpetuam
582 650 855 692 elemosinam
894 651 1208 705 imperpetuum
1248 652 1302 692 ad
1343 651 1648 706 omnipotentis
1690 651 1772 693 Dei
1807 652 1977 694 laudem
2013 658 2055 694 et
2093 655 2140 695 in

196 739 398 781 honorem
443 740 563 782 beate
609 741 768 782 MARJE
814 741 993 797 virginis
1041 742 1279 797 supradicte
1329 746 1371 784 et
1420 757 1494 797 pro
1540 742 1650 784 bono
1692 746 1806 784 statu
1844 747 1987 786 nostro
2036 745 2139 787 dum

195 830 426 872 vixerimus
447 834 489 872 et
509 833 645 873 salute
670 833 810 874 anime
841 838 982 873 nostre
1012 847 1106 873 cum
1138 832 1190 874 ab
1226 833 1305 874 hac
1339 833 1432 874 luce
1467 833 1792 887 migraverimus
1826 838 1869 875 et
1900 835 2138 876 animarum

195 921 386 963 omnium
407 923 727 978 progenitorum
747 926 986 964 nostrorum
1015 928 1055 964 et
1087 923 1277 964 omnium
1305 923 1494 964 fidelium
1530 924 1841 966 defunctorum.
1923 925 1989 967 Eo
2025 927 2138 980 quod

192 1026 388 1066 expressa
427 1014 589 1055 mencio
630 1015 682 1055 de
721 1028 819 1055 vero
858 1013 999 1055 valore
1040 1028 1182 1054 annuo
1223 1029 1296 1055 seu
1335 1014 1477 1068 aliquo
1527 1015 1667 1056 valore
1717 1016 2014 1070 premissorum
2064 1031 2138 1059 seu

192 1102 373 1158 alicujus
413 1104 642 1145 eorundem
683 1107 758 1145 aut
794 1105 845 1145 de
885 1104 979 1145 aliis
1009 1103 1130 1145 donis
1166 1104 1558 1146 confirmacionibus
1586 1105 1940 1147 ratificacionibus
1969 1107 2137 1149 restitu-

189 1193 380 1235 cionibus
401 1198 442 1235 et
464 1194 798 1236 concessionibus
819 1209 893 1249 per
915 1209 989 1235 nos
1010 1209 1083 1235 seu
1103 1195 1392 1250 progenitores
1413 1204 1577 1237 nostros
1605 1195 1762 1237 eisdem
1782 1211 1896 1238 nunc
1917 1196 2060 1239 abbati
2093 1201 2136 1239 et

188 1285 416 1325 conventui
438 1300 510 1326 seu
531 1284 890 1340 predecessoribus
910 1285 996 1326 suis
1016 1291 1116 1326 ante
1139 1286 1212 1326 hec
1233 1290 1424 1340 tempora
1450 1286 1575 1327 factis
1604 1286 1650 1327 in
1681 1288 1866 1341 presenti
1899 1287 2014 1329 facta
2048 1303 2134 1331 non

188 1374 332 1416 existit
352 1378 425 1416 aut
448 1375 590 1429 aliquo
611 1379 770 1416 statuto
791 1378 888 1416 actu
909 1375 1175 1417 ordinatione
1197 1391 1270 1417 seu
1300 1376 1563 1418 restriccione
1593 1377 1900 1419 incontrarium
1933 1378 2058 1420 sactis
2089 1380 2134 1421 in

186 1465 328 1520 aliquo
349 1481 435 1507 non
454 1465 646 1507 obstante
667 1469 793 1521 prout
813 1466 857 1506 in
879 1466 1012 1507 literis
1033 1465 1187 1508 nostris
1216 1466 1461 1521 patentibus
1492 1468 1744 1522 supradictis
1778 1469 1955 1523 prefatis
1990 1469 2134 1512 abbati

184 1563 226 1598 et
248 1557 476 1599 conventui
498 1560 539 1598 et
560 1572 705 1598 eorum
725 1557 1028 1598 successoribus
1048 1557 1273 1612 superinde
1295 1557 1495 1599 confectis
1526 1558 1692 1613 plenius
1725 1560 1880 1614 poterit
1916 1575 2129 1615 apparere.

183 1647 395 1690 Volumus
427 1663 474 1690 ac
505 1647 622 1690 vobis
653 1651 695 1690 et
726 1651 913 1689 vestrum
950 1648 1124 1690 cuilibet
1156 1648 1410 1703 precipimus
1437 1652 1479 1690 et
1512 1650 1765 1692 mandamus
1800 1652 1914 1705 quod
1946 1652 2132 1706 prefatos

181 1738 379 1780 abbatem
400 1742 443 1780 et
465 1742 718 1780 conventum
739 1742 782 1780 et
802 1753 1052 1780 successores
1073 1754 1168 1780 suos
1189 1754 1335 1781 omnes
1355 1739 1607 1781 donaciones
1637 1741 1921 1783 concessiones
1950 1742 2126 1784 innova-

182 1830 321 1871 ciones
356 1830 699 1872 confirmaciones
734 1835 777 1871 et
806 1829 1109 1872 ratificaciones
1138 1830 1347 1885 predictas
1376 1830 1510 1872 literis
1540 1831 1784 1885 patentibus
1815 1833 2002 1887 specifice
2033 1848 2129 1875 con-

179 1924 319 1962 tentas
355 1920 508 1962 habere
539 1922 723 1975 gaudere
751 1921 815 1962 uti
848 1924 890 1962 et
923 1925 1066 1963 tenere
1098 1921 1268 1975 pacifice
1305 1921 1446 1976 quiete
1488 1926 1530 1963 et
1569 1921 1614 1963 in
1650 1937 1751 1977 pace
1791 1925 2047 1978 permittatis
2087 1928 2130 1967 et

180 2012 360 2067 quilibet
408 2016 596 2053 vestrum
646 2013 866 2067 permittat
915 2012 1040 2068 juxta
1080 2016 1270 2054 tenorem
1309 2016 1351 2054 et
1392 2013 1587 2054 effectum
1626 2013 1846 2055 literarum
1886 2019 2126 2058 nostrarum

177 2104 421 2159 patencium
471 2103 818 2158 supradictarum.
896 2103 963 2145 Ac
1012 2103 1144 2145 eciam
1185 2108 1274 2144 tam
1314 2102 1432 2145 vobis
1472 2106 1514 2145 et
1554 2103 1727 2145 cuilibet
1766 2108 1958 2147 vestrum
1999 2121 2130 2161 quam

180 2194 394 2250 deputatis
426 2194 573 2236 vestris
601 2197 643 2235 et
676 2193 902 2249 cujuslibet
935 2197 1122 2236 vestrum
1157 2193 1428 2249 prohibemus
1460 2209 1513 2235 ne
1548 2209 1621 2236 vos
1654 2199 1729 2236 aut
1760 2195 1913 2250 aliquis
1943 2200 2129 2240 vestrum

179 2285 312 2326 dictos
343 2284 538 2327 abbatem
570 2287 611 2326 et
642 2288 896 2326 conventum
929 2288 1003 2326 aut
1045 2299 1297 2326 successores
1338 2299 1434 2326 suos
1464 2287 1609 2326 contra
1639 2288 1829 2326 tenorem
1858 2291 1900 2327 et
1931 2286 2129 2330 effectum

180 2376 411 2418 earundem
440 2375 660 2417 literarum
690 2378 929 2417 nostrarum
959 2375 1203 2430 patencium
1243 2375 1473 2417 molestetis
1512 2374 1757 2429 inquietetis
1796 2376 1841 2417 in
1872 2377 2014 2432 aliquo
2057 2393 2129 2420 seu

180 2466 366 2523 gravetis
386 2466 580 2508 molestet
600 2466 807 2521 inquietet
828 2466 874 2507 in
896 2467 1038 2521 aliquo
1061 2466 1146 2507 sive
1168 2470 1329 2521 gravet.

236 2557 400 2599 Datum
422 2557 499 2599 sub
520 2557 660 2612 sigillo
681 2560 823 2599 nostro
844 2557 947 2598 dicti
977 2558 1154 2599 ducatus
1184 2557 1318 2598 nostri
1343 2556 1634 2598 terciodecimo
1656 2557 1724 2599 die
1744 2557 1775 2600 J
1776 2558 1854 2599 ulii
1876 2574 1988 2601 anno
2003 2560 2126 2616 regni

179 2647 312 2690 nostri
334 2647 530 2690 vicesimo
553 2651 681 2689 sexto.

235 2738 319 2780 Per
338 2738 487 2780 billam
511 2738 633 2794 signo
654 2738 843 2780 manuali
866 2739 996 2794 ipsius
1019 2738 1153 2794 Regis
1174 2738 1386 2793 signatam
1408 2739 1574 2794 signeto
1596 2738 1737 2794 aquile
1759 2738 1993 2794 sigillatam
2014 2743 2056 2782 et
2073 2742 2127 2783 de

178 2830 279 2871 data
294 2829 484 2884 predicta
499 2829 748 2871 auctoritate
770 2829 1052 2884 parliamenti.

236 2918 346 2971 Seal,
369 2934 394 2960 a
410 2919 628 2974 fragment
650 2920 766 2974 only,
788 2920 863 2961 red
883 2935 991 2961 wax.

238 3009 342 3038 These
357 3018 410 3037 arc
425 3008 537 3038 letters
553 3010 585 3038 of
609 3008 721 3047 Henry
737 3009 807 3047 V1.‚
823 3010 923 3038 under
938 3009 1003 3038 seal
1019 3009 1053 3038 of
1074 3009 1130 3038 the
1149 3008 1260 3046 Duchy
1276 3009 1309 3037 of
1332 3008 1516 3045 Lancaster,
1539 3008 1709 3037 addressed
1731 3012 1766 3037 to
1788 3009 1842 3038 the
1864 3009 1988 3039 officere
2004 3011 2037 3040 of
2060 3011 2112 3041 his

186 3065 346 3102 Lordship
367 3066 401 3094 os
425 3064 572 3102 Ogmore,
594 3064 763 3103 enjoining
784 3065 866 3094 their
889 3066 1082 3095 observance
1103 3066 1136 3093 of
1159 3074 1177 3093 a
1199 3064 1333 3094 Chai-ter
1354 3065 1387 3093 of
1410 3064 1465 3093 the
1486 3073 1574 3093 same
1594 3064 1678 3099 date,
1700 3064 1732 3092 in
1748 3064 1852 3094 which
1868 3065 1908 3094 he
1922 3068 2040 3095 attests
2061 3067 2112 3096 his
