2386 3645
353 260 465 303 1288

378 466 686 510 constabulario
716 465 1003 508 NORMANNIE
1025 499 1034 508 .
1059 465 1314 508 RADULPHO
1335 464 1524 508 TAXONE
1543 467 1648 508 tunc
1668 465 1896 508 senescallo
1916 464 2204 508 NORMANNIE
2227 500 2237 509 .

379 558 592 600 ROBERTo
613 559 666 600 de
691 557 976 599 HARECURTE
999 589 1008 598 .
1032 556 1235 599 HUGONE
1269 557 1321 598 de
1348 556 1578 599 Goncho
1601 589 1610 600 .
1634 556 1853 599 JOHANNE
1875 557 1928 598 de
1953 556 2206 598 PRATELLIS
2228 588 2238 600 .

377 653 420 691 et
443 649 594 691 PETRO
615 650 668 691 de
689 648 872 691 STOKES.

463 740 628 782 Datum
648 755 724 796 per
750 755 927 782 manum
954 739 1167 781 anoms
1183 740 1236 781 de
1256 738 1454 782 WELLES
1474 740 1589 794 apud
1610 739 1936 781 ROTHOMAGUM
1957 739 2140 780 XXHIJto.
2170 738 2240 780 die

377 831 604 874 Februarii
624 846 737 873 anno
756 831 881 887 regni
900 830 1036 872 nostri
1056 832 1218 885 quarto.
1286 828 1459 886 [1203]

348 922 481 964 Unde
511 922 615 964 dicit
645 923 759 978 quod
787 937 874 964 non
904 923 1045 976 potest
1073 921 1173 963 inde
1194 920 1284 963 sine
1315 920 1489 962 domino
1510 920 1633 976 Rege
1652 920 1917 976 respondere.
1978 920 2084 962 Dies
2114 921 2240 963 datus

288 1016 352 1056 est
379 1014 438 1056 eis
459 1029 484 1056 a
506 1014 574 1056 die
596 1013 757 1056 Pasche
778 1013 825 1055 in
846 1012 1034 1068 quinque
1063 1011 1321 1067 septimanas
1347 1013 1398 1053 ut
1418 1012 1470 1053 de
1491 1011 1560 1053 die
1589 1011 1636 1053 in
1667 1011 1792 1053 diem.
1854 1010 2009 1053 Postea
2038 1011 2093 1052 ad
2123 1011 2238 1054 diem

286 1105 410 1147 illum
431 1107 642 1147 venerunt
665 1106 805 1160 partes
832 1106 875 1145 et
898 1102 1113 1158 predictus
1140 1117 1277 1144 comes
1307 1101 1411 1144 dicit
1431 1102 1545 1157 quod
1571 1102 1785 1157 predictus
1806 1100 2090 1145 WILLELMUS
2111 1101 2239 1145 debet

284 1195 374 1238 sine
402 1195 575 1238 domino
601 1195 722 1251 Rege
746 1195 998 1250 respondere
1026 1193 1128 1249 quia
1163 1192 1266 1235 dicit
1294 1194 1409 1248 quod
1440 1192 1529 1248 ipse
1559 1193 1668 1248 petit
1695 1207 1840 1234 versus
1869 1207 1967 1234 eum
1996 1193 2236 1247 predictum

283 1289 466 1329 castrum
498 1288 550 1328 de
578 1285 854 1328 SWANESEYE
879 1287 923 1327 et
949 1286 1084 1327 totam
1107 1284 1343 1340 predictam
1369 1286 1526 1326 terram
1554 1285 1607 1326 de
1636 1283 1808 1326 GovaR
1838 1298 1935 1326 cum
1965 1283 2234 1339 pertinentiis

213 1414 217 1417 .
278 1377 392 1432 quod
420 1377 593 1432 quidem
620 1378 804 1418 castrum
828 1390 916 1417 non
939 1374 1186 1416 nominatur
1209 1375 1256 1416 in
1280 1377 1396 1416 carta
1422 1374 1624 1430 predicta.
1687 1373 1819 1416 Unde
1845 1374 2015 1416 videtur
2045 1374 2084 1416 ei
2114 1375 2228 1430 quod

280 1467 406 1509 debet
446 1467 485 1509 ei
525 1467 614 1509 sine
650 1466 823 1509 domino
864 1466 985 1522 Rege
1017 1466 1158 1521 quoad
1189 1465 1429 1521 predictum
1460 1467 1647 1508 castrum
1677 1466 1943 1521 respondere.
2004 1465 2066 1507 Et
2106 1465 2236 1508 etiam

280 1560 421 1614 quoad
442 1558 676 1614 predictam
696 1560 854 1599 terram
874 1558 927 1599 de
948 1572 1033 1612 qua
1048 1556 1237 1612 predicta
1258 1559 1373 1599 carta
1388 1557 1490 1599 facit
1502 1556 1780 1598 mencionem.
1833 1555 1951 1598 Dicit
1973 1557 2103 1598 etiam
2119 1557 2234 1612 quod

276 1651 423 1692 eadem
475 1652 590 1691 carta
640 1649 754 1691 facta
792 1648 878 1690 fuit
917 1649 964 1690 in
1014 1647 1270 1690 NORMANrA
1310 1652 1500 1704 tempore
1550 1663 1710 1704 gwerre
1750 1647 1857 1690 inite
1897 1647 2010 1690 inter
2061 1647 2230 1704 Regem

274 1740 481 1782 FRANCIE
502 1742 545 1782 et
565 1739 594 1782 J
597 1754 824 1782 OHANNEM
844 1739 1060 1795 quondam
1087 1739 1254 1796 Regem
1280 1738 1466 1781 ANGLIE
1494 1739 1664 1781 cuidam
1685 1738 1945 1782 WILLELMO
1975 1738 2228 1781 antecessori

272 1831 452 1887 predicti
494 1830 742 1874 WILLELMI
785 1864 793 1873 .
837 1845 885 1872 eo
926 1831 1040 1885 quod
1080 1830 1195 1872 idem
1238 1830 1519 1872 WILLELMUS
1568 1832 1671 1872 tunc
1711 1830 1895 1872 voluerit
1936 1830 1988 1872 de
2037 1829 2227 1885 predicto

273 1922 303 1966 J
306 1937 493 1964 OHANNE
525 1922 647 1978 Rege
675 1923 868 1964 recedere
898 1924 942 1964 et
971 1923 1027 1964 ad
1056 1925 1197 1978 partes
1225 1921 1410 1964 ANGLOE
1437 1923 1575 1964 redire
1606 1924 1649 1964 et
1678 1923 1849 1977 propter
1878 1921 1957 1963 hoc
1978 1922 2092 1976 quod
2112 1921 2228 1963 idem

271 2013 468 2056 dominus
498 2013 527 2056 J
530 2027 740 2055 OHANNES
771 2012 868 2055 Rex
898 2013 951 2055 de
982 2013 1172 2068 predicta
1202 2027 1367 2069 gwerra
1396 2012 1482 2054 fuit
1506 2012 1755 2068 perterritus
1786 2015 1828 2054 et
1859 2014 1907 2054 ut
1937 2011 2080 2068 majus
2111 2011 2220 2067 peri-

267 2105 413 2147 culum
443 2105 621 2147 evitaret
650 2107 768 2147 metu
796 2119 956 2161 gwerre
986 2105 1173 2160 predicte
1206 2104 1306 2146 fecit
1339 2103 1377 2146 ei
1407 2104 1587 2146 eandem
1618 2106 1778 2146 cartam
1808 2103 1945 2159 magis
1975 2103 2053 2145 sub
2085 2103 2221 2159 specie

275 2211 437 2253 gwerre
486 2211 615 2252 quam
655 2196 798 2238 animo
848 2195 1049 2238 donandi.
1121 2196 1241 2238 Dicit
1281 2195 1411 2237 etiam
1452 2196 1566 2251 quod
1606 2195 1759 2237 seisina
1798 2195 1985 2251 predicte
2026 2198 2137 2236 terre
2176 2195 2229 2237 de

275 2287 448 2330 GowER
467 2302 689 2342 nunquam
709 2287 795 2329 fuit
815 2302 911 2329 cum
931 2287 1121 2343 predicta
1141 2290 1256 2329 carta
1277 2287 1389 2329 dicto
1407 2285 1669 2330 WILLELMO
1689 2286 1882 2328 liberata.
1954 2285 2075 2327 Dicit
2095 2285 2226 2328 etiam

271 2381 385 2436 quod
411 2381 626 2436 predictus
646 2379 931 2423 W1LLELMUS
962 2381 1026 2421 est
1055 2381 1195 2421 totum
1225 2381 1452 2421 extraneus
1481 2377 1668 2434 predicte
1701 2379 1813 2419 carte
1842 2376 1943 2432 quia
1973 2376 2077 2418 dicit
2108 2377 2223 2432 quod

268 2472 445 2528 quidam
496 2470 780 2514 Wuffifflms
829 2485 1011 2527 proavus
1059 2470 1239 2526 predicti
1290 2468 1540 2513 WILLELMr
1591 2467 1743 2510 habuit
1782 2470 1867 2510 tres
1907 2467 2015 2510 filios
2065 2467 2222 2510 scilieet

273 2562 574 2607 WILLELMUM
614 2564 713 2604 ante
753 2557 1147 2604 natum'EGImUM
1181 2560 1372 2603 medium
1412 2562 1455 2602 et
1484 2559 1799 2602 REG1NALDUM
1839 2562 1935 2615 post
1969 2562 2121 2601 natum
2153 2557 2228 2614 qui

274 2653 448 2709 quidem
477 2652 673 2694 Ecmms
703 2654 797 2707 post
828 2654 1007 2694 mortem
1031 2652 1210 2707 predicti
1241 2651 1494 2695 WILLELMI
1524 2650 1656 2706 patris
1692 2649 1758 2692 sui
1785 2649 1964 2692 intravit
1990 2649 2037 2691 in
2062 2649 2228 2691 heredi-

267 2748 403 2788 tatem
434 2744 613 2800 predicti
649 2743 901 2788 WILLELMI
937 2745 979 2785 et
1018 2743 1118 2786 inde
1154 2742 1259 2786 obiit
1300 2742 1467 2785 seisitus
1501 2744 1597 2798 post
1632 2740 1756 2797 cujus
1795 2743 1976 2783 mortem
2015 2740 2228 2796 predictus

271 2835 572 2878 REGmALDUs
598 2834 776 2877 intravit
796 2834 842 2876 in
863 2835 1043 2877 eandem
1062 2837 1114 2876 ut
1131 2834 1265 2876 flator
1285 2837 1328 2877 et
1347 2834 1480 2876 heres.
1543 2833 1605 2875 Et
1629 2834 1776 2887 postea
1802 2831 2038 2887 predictam
2066 2834 2224 2873 terram

270 2928 451 2970 redditit
472 2927 641 2969 cuidam
662 2926 691 2969 J
694 2940 873 2968 OHANNI
897 2926 986 2968 filio
1007 2925 1258 2970 WILLELMI
1283 2926 1396 2981 patri
1425 2924 1605 2981 predicti
1626 2922 1879 2966 WILLELMI
1905 2937 2032 2964 nunc.
2095 2921 2228 2965 Unde

268 3018 432 3061 desicut
470 3018 586 3060 idem
621 3017 651 3061 J
654 3031 864 3060 OHANNES
903 3021 1025 3073 pater
1061 3032 1161 3060 suus
1195 3017 1374 3059 intravit
1406 3048 1593 3059 .....
1625 3029 1701 3071 per
1735 3013 2022 3056 reddicionem
2050 3012 2231 3068 predicti
