2386 3645
323 281 433 322 1494

1120 542 1341 585 MCXXI.

263 676 639 724 QUIT-OLAJM
677 675 763 718 BY
803 674 1005 718 DAVID
1047 673 1128 716 ΑΡ
1180 672 1448 716 ΗΟΡΚῩΝ
1509 672 1643 715 AND
1696 671 1864 714 JOHN
1918 672 2024 714 HIS
2071 672 2200 726 SON,

404 775 480 818 ΤΟ
543 774 835 818 WILLIAM
896 772 1192 816 OLEMENT
1247 772 1382 815 AND
1445 771 1736 814 MATILDA
1798 771 2033 823 MARLE,
2095 772 2202 816 HIS

403 874 587 927 WIFE,
629 873 707 916 OF
746 873 791 915 A
835 871 1138 914 BURGAGE
1180 871 1251 913 IN
1292 870 1608 922 SWANSEA,
1652 870 1723 912 IN
1780 870 1909 912 THE
1966 870 2203 915 STREET

403 974 481 1016 OF
521 973 651 1015 THE
693 971 1082 1014 FISHERMEN.

1109 1077 1179 1131 [Gr.
1205 1077 1257 1119 Gr.
1281 1077 1356 1133 Ε]
1708 1078 1760 1118 21
1791 1078 1955 1119 Apim„
2020 1079 2146 1120 1422.

314 1196 524 1240 Omnibus
564 1196 751 1238 Cmusn
786 1194 981 1236 fidelibus
1017 1194 1071 1235 ad
1111 1208 1215 1248 quos
1250 1207 1420 1248 presens
1455 1193 1658 1248 scriptum
1687 1194 1926 1247 pervenerit
1957 1193 2110 1235 DAvm
2150 1210 2204 1250 ap

254 1289 457 1331 Hormm
492 1290 534 1329 et
567 1287 808 1330 JOHANNEs
843 1300 895 1340 ap
927 1285 1082 1327 DAvin
1118 1284 1231 1326 filius
1261 1283 1440 1339 predicti
1475 1283 1626 1325 DAvn)
1660 1299 1713 1339 ap
1754 1283 1970 1325 HOPKYN’
2008 1285 2200 1328 salutem.

254 1379 472 1422 Noveritis
492 1393 569 1419 nos
589 1377 775 1433 prefatos
795 1375 952 1418 DAvn)
974 1378 1015 1416 et
1036 1375 1065 1417 J
1069 1389 1294 1416 oHANNEM
1315 1374 1521 1416 remisisse
1549 1375 1758 1416 relaxasse
1791 1378 1834 1416 et
1869 1375 2041 1416 omnino
2077 1377 2130 1417 de
2163 1379 2205 1418 et

251 1485 327 1526 pro
387 1469 508 1512 nobis
567 1472 609 1510 et
658 1467 883 1509 heredibus
931 1466 1086 1508 nostris
1135 1467 1450 1521 imperpetuum
1501 1465 1894 1520 quietumclamasse
1946 1465 2204 1509 WILLELMO

250 1560 469 1604 CLEMENT
500 1563 542 1602 et
573 1559 777 1600 MATILDI
809 1557 978 1599 MARLE
1010 1557 1133 1598 uxori
1164 1556 1258 1612 ejus
1298 1556 1344 1598 in
1375 1556 1633 1611 possessione
1664 1556 1945 1598 existentibus
1976 1556 2201 1599 heredibus

248 1655 291 1695 et
328 1651 554 1707 assignatis
595 1650 680 1692 suis
720 1650 1035 1705 imperpetuum
1076 1651 1216 1689 totum
1249 1647 1321 1703 jus
1352 1649 1545 1689 nostrum
1587 1648 1747 1688 statum
1788 1650 1830 1688 et
1871 1647 2079 1689 clameum
2120 1663 2202 1703 que

250 1758 440 1798 unquam
460 1742 687 1784 habuimus
707 1740 911 1782 habemus
932 1755 1006 1781 seu
1032 1739 1180 1794 quovis
1206 1739 1331 1780 modo
1356 1738 1599 1780 infuturum
1624 1738 1778 1780 habere
1809 1738 2040 1794 poterimus
2075 1740 2127 1781 de
2159 1742 2202 1781 et

248 1835 294 1876 in
316 1849 403 1876 uno
424 1833 635 1889 burgagio
656 1847 753 1874 cum
773 1829 1046 1887 pertinenciis
1066 1830 1111 1871 in
1131 1830 1235 1871 villa
1256 1830 1308 1870 de
1330 1828 1573 1871 SWAYNSEY
1588 1828 1756 1883 jacente
1773 1829 1818 1870 in
1835 1829 1926 1871 vico
1943 1830 2201 1884 piscatorum

248 1926 360 1967 inter
389 1926 683 1966 tenementum
715 1921 910 1978 magistri
947 1921 1168 1976 hospitalis
1210 1920 1325 1962 beati
1356 1919 1510 1961 DAVID
1546 1919 1704 1961 ibidem
1737 1934 1790 1961 ex
1821 1923 1941 1974 parte
1974 1919 2123 1962 boriali
2159 1924 2203 1962 et

249 2018 542 2059 tenementum
578 2013 745 2056 YEVAN
777 2028 830 2068 ap
864 2012 1019 2054 DAvm
1053 2027 1106 2067 ap
1144 2012 1329 2053 ROBERT
1357 2026 1409 2052 ex
1437 2013 1557 2065 parte
1587 2010 1762 2052 australi
1790 2013 1831 2052 et
1862 2011 2055 2052 extendit
2087 2026 2128 2053 se
2155 2012 2202 2054 in

250 2106 520 2163 longitudine
558 2121 583 2147 a
620 2105 755 2161 regali
794 2104 864 2145 via
904 2118 958 2145 ex
991 2106 1110 2159 parte
1147 2102 1343 2145 orientali
1377 2117 1508 2156 usque
1549 2102 1604 2143 ad
1643 2104 1938 2143 tenementum
1971 2101 2000 2143 J
2003 2117 2203 2145 oHANms

251 2198 463 2242 WYLLYM
497 2213 549 2239 ex
579 2200 698 2252 parte
729 2195 990 2238 occidentali.
1053 2195 1124 2237 Ita
1148 2195 1262 2250 quod
1295 2209 1371 2235 nec
1406 2208 1482 2235 nos
1514 2193 1672 2248 prefati
1703 2192 1860 2235 DAvm
1895 2197 1938 2235 et
1962 2193 1990 2235 J
1994 2208 2203 2237 OHANNES

250 2305 328 2332 nec
347 2289 522 2331 heredes
543 2288 676 2330 nostri
697 2302 774 2329 nec
794 2286 949 2342 aliquis
968 2286 1078 2328 alius
1097 2301 1172 2341 per
1192 2300 1268 2327 nos
1296 2300 1373 2340 pro
1403 2283 1524 2326 nobis
1557 2287 1633 2326 aut
1660 2284 1831 2326 nomine
1859 2290 2002 2327 nostro
2029 2285 2203 2341 aliquod

251 2380 323 2437 jus
355 2380 423 2422 vel
453 2380 661 2420 clameum
697 2379 748 2419 de
784 2377 852 2419 vel
886 2377 932 2419 in
967 2376 1155 2431 predicto
1189 2375 1401 2431 burgagio
1442 2389 1536 2417 cum
1569 2374 1843 2429 pertinenciis
1875 2390 1951 2416 nec
1982 2376 2027 2417 in
2062 2376 2204 2431 aliqua

251 2471 435 2527 parcella
455 2470 686 2512 eorundem
707 2470 896 2510 decetero
919 2468 1088 2523 exigere
1110 2468 1290 2509 clamare
1312 2466 1378 2508 vel
1400 2465 1622 2508 vendicare
1643 2466 1873 2520 peterimus
1893 2481 1970 2508 nec
2000 2466 2202 2510 debemus

253 2561 527 2618 quovismodo
562 2560 803 2601 infuturum
838 2562 901 2601 set
933 2559 986 2600 ab
1015 2558 1131 2600 omni
1163 2558 1329 2599 accione
1360 2557 1469 2611 juris
1505 2559 1547 2597 et
1582 2556 1732 2597 clamei
1762 2556 1862 2598 inde
1898 2557 2099 2612 exigendi
2132 2573 2204 2600 seu

254 2652 440 2694 habendi
462 2651 592 2693 simus
611 2651 782 2706 penitus
803 2650 961 2691 exclusi
982 2650 1296 2704 imperpetuum
1316 2664 1391 2703 per
1411 2655 1637 2703 presentes.
1699 2647 1759 2689 Et
1796 2662 1872 2689 nos
1900 2663 1998 2690 vero
2026 2649 2204 2703 predicti

249 2744 404 2786 DAVID
436 2746 477 2784 et
509 2741 539 2784 J
542 2756 751 2784 OHANNEs
782 2746 824 2784 et
854 2741 1028 2783 heredes
1064 2740 1195 2782 nostri
1231 2739 1470 2795 predictum
1505 2738 1766 2794 burgagium
1803 2753 1899 2780 cum
1932 2740 2204 2794 pertinenciis

248 2833 426 2891 prefatis
467 2832 724 2875 W1LLELMO
765 2835 808 2874 et
848 2832 1051 2874 Murum
1099 2830 1325 2872 heredibus
1357 2833 1399 2871 et
1439 2829 1665 2884 assignatis
1701 2844 1846 2871 eorum
1878 2832 2024 2872 contra
2059 2846 2204 2873 omnes

250 2928 398 2981 gentes
419 2923 790 2966 warantizabimus
810 2928 852 2965 et
883 2923 1196 2978 imperpetuum
1225 2921 1512 2963 defendemus.
1576 2919 1632 2961 In
1665 2920 1787 2975 cujus
1820 2920 1880 2961 rei
1911 2922 2203 2964 testimonium

248 3017 347 3059 huic
366 3015 553 3072 presenti
575 3016 729 3070 scripto
750 3018 892 3056 nostro
914 3014 1057 3070 sigilla
1077 3016 1220 3055 nostra
1242 3013 1526 3068 apposuimus.
1590 3011 1692 3053 Hiis
1712 3010 1892 3053 testibus
1916 3045 1923 3052 .
1948 3011 2203 3056 WILLELMo
