2386 3645
295 260 406 302 1326

231 466 514 510 STAFFORDIE
539 502 546 511 .
571 467 812 511 RoBERTUS
833 471 875 511 et
895 468 1128 512 RchRnth
1149 471 1440 512 concesserunt
1460 472 1502 512 et
1521 468 1799 511 reddiderunt
1818 467 2007 524 predicto
2035 466 2181 510 comiti

234 557 522 602 WARREWIOI
553 562 596 602 et
627 559 872 602 KATERINE
904 560 1029 603 uxori
1060 575 1133 603 sue
1164 560 1256 617 jam
1290 559 1491 603 defuncte
1521 559 1711 616 predicta
1741 561 1925 601 castrum
1950 560 1993 600 et
2022 560 2180 600 terram

231 663 328 691 cum
367 649 638 706 pertinentiis
671 684 679 694 .
713 650 980 694 Habendum
1020 653 1063 694 et
1098 652 1334 694 tenendum
1367 653 1459 694 tota
1490 651 1580 693 vita
1612 649 1776 692 comitis
1811 648 2100 693 WARREWIOI
2135 650 2180 692 et

232 739 480 783 KATERINE
501 742 553 783 de
574 741 746 784 domino
767 741 890 798 Rege
911 744 954 784 et
969 741 1194 785 heredibus
1215 743 1300 785 suis
1320 757 1395 799 per
1414 741 1592 785 servicia
1611 741 1712 783 inde
1733 739 1889 784 debita.

288 838 360 881 Ita
381 841 495 896 quod
514 843 610 896 post
643 842 858 884 decessum
885 841 1074 897 ipsorum
1107 841 1273 884 comitis
1308 841 1597 884 WARREvvicI
1632 842 1676 883 et
1707 839 1954 882 KATERINE
1990 839 2180 896 predicta

230 933 414 973 castrum
437 933 478 974 et
505 935 618 974 terra
648 933 700 974 de
729 932 901 975 Gowmz
934 948 1030 975 cum
1064 932 1334 988 pertinentiis
1367 932 1535 988 integre
1569 933 1820 973 remaneant
1855 930 2057 974 Gnmom
2090 930 2178 973 filio

229 1021 333 1064 dicti
353 1023 518 1065 comitis
538 1023 828 1067 WARREWICI
849 1026 892 1066 et
912 1023 1136 1067 heredibus
1157 1024 1354 1066 masculis
1374 1024 1427 1066 de
1448 1038 1617 1079 corpore
1638 1038 1712 1066 suo
1728 1023 1921 1079 legitime
1933 1022 2175 1079 procreatis.

284 1129 346 1172 Et
367 1130 402 1172 si
418 1130 533 1173 idem
554 1130 704 1173 Gamo
725 1130 877 1174 obierit
898 1131 986 1173 sine
1007 1131 1161 1173 herede
1182 1131 1368 1173 masculo
1390 1131 1442 1173 de
1463 1145 1634 1187 corpore
1654 1145 1729 1173 suo
1748 1130 1942 1187 legitime
1962 1132 2178 1187 procreato

223 1223 327 1263 tunc
366 1221 555 1276 predicta
590 1224 775 1263 castrum
816 1224 860 1264 et
894 1224 1006 1264 terra
1041 1222 1094 1263 de
1131 1220 1303 1263 GOWER
1341 1221 1510 1277 integre
1549 1224 1800 1264 remaneant
1837 1220 2018 1264 THOMAE
2050 1221 2176 1264 fratri

225 1311 419 1368 ejusdem
441 1311 667 1355 GUIDONIS
688 1314 730 1355 et
749 1312 976 1355 heredibus
995 1312 1194 1355 masculis
1214 1313 1267 1355 de
1288 1327 1458 1368 corpore
1479 1327 1555 1355 suo
1574 1312 1767 1369 legitime
1787 1313 2028 1369 procreatis.

282 1410 344 1453 Et
365 1411 514 1454 dicunt
535 1413 649 1468 quod
670 1412 808 1454 dictus
829 1411 978 1454 Gumo
1000 1412 1106 1455 obiit
1126 1412 1216 1454 sine
1236 1412 1391 1455 herede
1411 1412 1600 1455 masculo
1621 1413 1674 1455 de
1695 1428 1866 1469 corpore
1887 1427 1961 1455 suo
1982 1412 2176 1469 legitime

222 1504 453 1557 procreato.

278 1599 393 1642 Item
414 1601 563 1643 dicunt
579 1603 693 1657 quod
714 1602 828 1644 dicta
845 1605 1029 1645 castrum
1050 1605 1093 1644 et
1112 1605 1225 1645 terra
1245 1603 1391 1645 valent
1411 1603 1526 1645 ultra
1546 1603 1727 1659 reprisas
1746 1617 1821 1658 per
1842 1617 2006 1645 annum
2024 1635 2173 1646 .....

228 1691 369 1745 (value
389 1694 467 1734 not
487 1691 616 1747 given
636 1692 683 1734 in
703 1692 777 1734 the
797 1693 974 1748 record.)

278 1789 393 1833 Item
433 1791 583 1833 dicunt
622 1792 737 1847 quod
777 1795 877 1834 sunt
908 1793 1024 1848 apud
1059 1791 1367 1835 SWEYNESEYE
1403 1807 1475 1836 XL.
1513 1808 1619 1836 acrae
1652 1793 1765 1849 prati
1801 1808 1883 1849 que
1918 1793 2065 1837 valent
2099 1808 2175 1850 per

222 1897 384 1924 annum
405 1882 514 1925 HIJu.

276 1981 392 2024 Item
424 1982 573 2023 dicunt
602 1983 715 2037 quod
748 1984 848 2024 sunt
879 1982 1040 2025 ibidem
1071 1990 1185 2026 anS·
1227 1984 1336 2026 111Jd·
1366 1984 1558 2026 redditus
1586 1984 1638 2026 de
1665 1982 1950 2040 burgensibus
1984 1984 2085 2026 ville
2121 1985 2174 2027 de

220 2071 527 2115 SWEYNESEYE
578 2073 769 2115 solvendi
818 2074 872 2116 ad
921 2074 1124 2117 terminos
1179 2074 1543 2117 Annunciationis
1582 2074 1704 2117 beate
1744 2073 1905 2116 MARIE
1946 2077 1989 2117 et
2029 2074 2176 2118 Sancti

225 2163 486 2206 MICHAELIS
507 2164 627 2219 equis
647 2164 930 2220 porcionibus.

281 2261 395 2305 Item
416 2262 566 2305 dicunt
586 2263 700 2318 quod
730 2267 792 2305 est
819 2263 979 2306 ibidem
1011 2280 1148 2307 unum
1177 2265 1451 2307 hundredum
1485 2265 1721 2307 tenendum
1752 2265 1804 2307 de
1836 2272 1924 2307 xva·
1958 2265 2005 2307 in
2041 2271 2159 2307 xvam.

219 2353 343 2409 cujus
363 2353 597 2409 perquisita
617 2353 764 2396 valent
783 2369 859 2409 per
879 2369 1042 2397 annum
1062 2362 1106 2397 cs·

275 2452 390 2495 Item
412 2455 474 2495 est
494 2452 654 2496 ibidem
675 2454 859 2508 quedam
879 2454 995 2496 curia
1015 2458 1163 2497 vocata
1182 2455 1340 2512 placita
1359 2456 1412 2497 de
1432 2455 1540 2510 pede
1570 2454 1828 2510 pulverisato
1865 2453 2169 2512 [pie-powder]

222 2559 303 2600 que
323 2543 437 2586 valet
458 2559 533 2600 per
554 2559 716 2586 annum
737 2551 821 2586 xxss·

276 2642 391 2685 Item
412 2642 561 2685 dicunt
582 2643 697 2699 quod
717 2646 779 2686 est
799 2643 960 2687 ibidem
979 2645 1171 2688 redditus
1191 2645 1454 2688 diversorum
1474 2644 1715 2688 tenentium
1740 2644 2049 2687 ANGLICORUM
2081 2647 2173 2688 tam

214 2734 445 2777 liberorum
466 2749 594 2789 quam
614 2734 857 2777 nativorum
878 2737 965 2778 xLfi·
984 2751 1059 2792 per
1079 2751 1241 2779 annum
1263 2736 1488 2779 solvendus
1508 2737 1563 2779 ad
1583 2735 1788 2779 terminos
1807 2735 2171 2779 Annunciationis

214 2825 337 2868 beate
357 2825 518 2867 MARm
540 2828 582 2867 et
603 2824 749 2868 Sancti
769 2825 1029 2869 MICHAELIS
1049 2827 1169 2884 equis
1187 2826 1467 2884 porcionibus.

279 2922 437 2980 [Item]
461 2925 525 2966 est
544 2923 704 2966 ibidem
725 2939 836 2967 unus
857 2926 1082 2969 comitatus
1101 2925 1399 2969 ANGLICANUS
1419 2926 1630 2968 tenendus
1651 2925 1703 2967 de
1733 2939 1876 2968 mense
1907 2925 1953 2967 in
1983 2940 2172 2968 mensem

215 3015 290 3072 qui
310 3015 425 3057 valet
445 3029 519 3071 per
540 3029 703 3057 annum
723 3015 783 3058 ΧΠ·
