2386 3645
323 282 434 324 1518

360 502 503 530 camus
523 488 566 529 et
585 486 882 529 confirmamus
902 501 976 542 per
995 487 1209 540 presentes
1228 483 1273 524 in
1293 485 1558 538 perpetuum.
1620 480 1675 523 In
1697 480 1820 537 cujus
1839 480 1900 523 rei
1919 481 2210 525 testimonium

351 577 450 620 huic
476 577 664 633 presenti
697 580 809 619 carte
836 579 977 618 nostre
1011 575 1199 630 sigillum
1226 574 1470 616 cancellarie
1498 576 1638 616 nostre
1664 574 1716 614 de
1752 571 1977 618 KERDYFF
2006 572 2208 615 duximus

350 668 664 724 apponendum.
726 667 829 710 Hiis
855 666 1034 710 testibus
1067 698 1075 706 .
1119 664 1291 706 domino
1325 663 1544 706 JoHANNE
1578 664 1630 705 de
1666 663 1819 705 Sancte
1853 662 2073 705 JOHANNE
2105 666 2209 706 tunc

352 759 595 802 vicecomite
616 761 759 800 nostro
780 759 832 799 de
865 756 1225 800 GLAMORGANCIA
1249 788 1257 796 .
1291 755 1463 796 domino
1496 754 1760 796 LAURENCIO
1790 754 1843 795 de
1873 752 2174 796 Bssmnmoms
2197 788 2207 797 .

349 850 521 893 domino
554 849 812 893 WILLELMO
839 848 1141 890 STRADELYNG
1174 844 1383 887 militibus
1415 879 1422 887 .
1456 845 1485 887 J
1489 859 1675 887 oHANNE
1711 845 1882 887 BAssET
1915 847 1957 886 et
1993 844 2206 887 Rossmrro

347 941 547 985 WALLYS
577 940 829 995 armigeris.
853 938 1025 980 domino
1056 936 1223 978 THoMA
1255 935 1495 977 OREWELL’
1528 936 1820 978 archidiacono
1850 934 2202 978 LANDAVENSIS.

348 1032 520 1075 domino
541 1031 571 1074 J
572 1044 760 1073 OHANNE
782 1030 888 1072 oms
912 1062 920 1070 .
943 1027 1148 1084 magistro
1169 1027 1356 1068 Romano
1378 1026 1532 1069 CROKE
1555 1060 1563 1068 .
1586 1026 1790 1082 magistro
1815 1025 2030 1068 HEcho
2050 1026 2173 1070 WAR
2195 1061 2203 1070 .

351 1122 509 1165 clericis
530 1124 574 1163 et
593 1120 803 1163 canonicis
824 1118 992 1161 ecclesie
1013 1117 1333 1160 LANDAVENSIS
1354 1120 1396 1158 et
1415 1117 1562 1159 multis
1583 1117 1689 1158 aliis.

406 1212 568 1255 Datam
608 1212 723 1267 apud
763 1210 987 1252 KERDYFF
1028 1209 1190 1250 decimo
1230 1211 1376 1249 octavo
1409 1208 1476 1249 die
1510 1207 1733 1250 Februarii
1767 1223 1880 1250 anno
1915 1209 2039 1264 regni
2074 1209 2209 1267 Regis

351 1303 585 1345 Rmfflnm
607 1301 780 1343 secundi
800 1300 1011 1342 vicesimo.
1077 1300 1150 1353 [18
1172 1298 1291 1350 Feb,
1316 1297 1464 1354 1397]

409 1393 483 1449 (1.)
518 1392 610 1435 Nos
646 1406 745 1433 vero
784 1391 998 1446 predictus
1040 1389 1270 1432 RICARDUS
1305 1390 1358 1431 de
1398 1389 1551 1431 BELLo
1589 1388 1746 1431 OAMPo
1787 1404 1924 1432 comes
1958 1389 2210 1434 WIGORNIE

348 1485 546 1527 dominus
573 1483 613 1525 le
644 1483 914 1524 DESPENSER
938 1487 980 1522 et
1008 1481 1060 1522 de
1098 1480 1459 1522 GLAMORGANCIA
1492 1483 1534 1522 et
1566 1479 1843 1522 MORGANCIA
1871 1483 1914 1522 et
1944 1482 1996 1523 de
2027 1482 2209 1524 BERGE-

348 1550 472 1616 VENY*
509 1587 654 1617 omnes
693 1572 909 1615 libertates
950 1572 1159 1627 predictas
1198 1586 1274 1627 pro
1314 1571 1436 1613 nobis
1476 1577 1518 1612 et
1558 1570 1783 1613 heredibus
1822 1572 1976 1614 nostris
2010 1574 2211 1628 predictis

346 1664 630 1721 burgensibus
664 1664 818 1706 nostris
854 1666 895 1705 et
932 1678 1078 1705 eorum
1111 1661 1414 1704 successoribus
1448 1663 1706 1704 ratificamus
1737 1667 1779 1704 et
1810 1664 2107 1706 confirmamus
2136 1679 2211 1720 per

348 1759 562 1812 presentes
581 1756 627 1797 in
648 1758 914 1811 perpetuum.
976 1753 1031 1796 In
1055 1753 1178 1809 cujus
1197 1754 1258 1796 rei
1278 1754 1569 1795 testimonium
1591 1754 1689 1795 huic
1709 1754 1893 1809 presenti
1926 1758 2038 1797 carte
2070 1758 2211 1799 nostre

348 1849 540 1905 sigillum
561 1848 807 1891 cancellarie
820 1849 962 1889 nostre
978 1847 1030 1887 de
1049 1845 1273 1887 KERDYFF
1287 1845 1487 1887 duximus
1503 1846 1818 1900 apponendum.
1880 1845 1984 1888 Hiis
2003 1846 2182 1889 testibus
2199 1880 2207 1889 .

351 1939 523 1982 domino
543 1938 573 1981 J
576 1952 762 1980 OHANNE
784 1936 1044 1980 STRADLING
1067 1940 1169 1978 tunc
1195 1936 1438 1978 vicecomite
1458 1939 1601 1978 nostro
1624 1935 1985 1979 GLAMORGANCIE
2008 1969 2017 1979 .
2040 1938 2213 1980 domino

354 2030 574 2073 JOHANNE
614 2031 667 2071 de
699 2029 871 2072 SANoro
900 2027 1121 2070 JOHANNE
1156 2061 1163 2069 .
1199 2027 1372 2069 domino
1411 2027 1618 2068 EDWARD
1659 2026 1931 2069 STRADLYNG
1962 2028 2170 2071 militibus
2201 2063 2210 2072 .

353 2121 567 2165 WATKYN
604 2120 799 2163 MORTON
832 2123 936 2162 tunc
972 2119 1283 2162 constabulario
1316 2120 1367 2160 de
1400 2118 1623 2160 KERDYFF
1658 2118 1688 2161 J
1692 2133 1848 2160 ENKYN
1890 2134 1944 2175 ap
1985 2119 2121 2162 DAVY
2160 2136 2215 2176 ap

353 2212 587 2255 LEWELYN
603 2211 801 2255 VACHAN
825 2244 833 2252 .
856 2210 1011 2253 LEWIs
1033 2210 1251 2252 MATHEW
1274 2244 1282 2252 .
1306 2209 1513 2251 HOWELL
1529 2224 1583 2264 ap
1601 2208 1759 2251 GRONO
1776 2224 1829 2265 ap
1847 2209 1958 2252 IvoR
1976 2245 1984 2253 .
2002 2210 2216 2253 Romano

354 2303 573 2346 MATHEw
596 2336 604 2344 .
628 2302 830 2344 MORGAN
853 2317 907 2358 ap
929 2301 1164 2344 LEWELYN
1186 2316 1239 2357 ap
1261 2300 1415 2343 JEVAN
1437 2300 1658 2356 armigeris
1678 2304 1720 2342 et
1740 2301 1846 2343 aliis.

411 2394 577 2436 Datum
612 2394 727 2448 apud
760 2392 984 2435 KERDYFF
1022 2393 1219 2434 vicesimo
1251 2394 1402 2446 quarto
1434 2391 1503 2432 die
1535 2391 1691 2433 mensis
1722 2391 1915 2447 Augusti
1949 2406 2061 2434 anno
2094 2392 2218 2448 regni

357 2485 491 2541 Regis
512 2483 719 2526 HENmm
741 2483 882 2539 quinti
902 2486 998 2539 post
1018 2486 1295 2538 conquestum
1315 2497 1440 2525 110110.
1507 2481 1586 2538 [24
1606 2482 1740 2537 Aug„
1765 2481 1914 2538 1421]

328 2575 390 2618 Et
415 2590 492 2618 nos
511 2590 610 2617 vero
634 2574 849 2631 predictus
883 2573 1116 2616 RICARDUS
1149 2588 1285 2615 comes
1316 2575 1368 2615 de
1388 2573 1633 2616 WARWICK
1658 2573 1855 2615 dominus
1879 2574 1919 2615 le
1950 2573 2219 2616 DESPENSER

271 2669 314 2710 et
353 2667 406 2709 de
447 2665 821 2709 GLAMORGANCIA·
849 2668 892 2708 et
932 2665 1208 2707 MORGANCIA
1247 2666 1290 2706 et
1329 2663 1552 2706 ISABELLA
1593 2679 1759 2706 consors
1793 2666 1938 2706 nostra
1971 2679 2047 2719 pro
2083 2664 2219 2707 salute

271 2757 511 2801 animarum
546 2759 787 2799 nostrarum
822 2759 864 2798 et
905 2756 1098 2798 omnium
1138 2759 1447 2798 antecessorum
1482 2761 1525 2797 et
1556 2754 1762 2797 heredum
1801 2757 2041 2797 nostrorum
2073 2770 2219 2798 omnes

272 2851 409 2892 cartas
442 2848 692 2891 donationes
724 2847 1008 2890 concessiones
1039 2851 1080 2890 et
1115 2846 1454 2890 confirmationes
1489 2845 1751 2902 supradictas
1785 2848 1899 2887 ratas
1938 2845 2142 2889 habentes
2177 2849 2220 2890 et

274 2942 418 2996 gratas
438 2953 507 2981 eas
527 2953 602 2995 pro
623 2937 746 2981 nobis
765 2941 809 2980 et
829 2937 1056 2981 heredibus
1077 2938 1232 2980 nostris
1251 2937 1450 2993 predictis
1476 2936 1759 2993 burgensibus
1779 2936 1934 2979 nostris
1953 2937 2054 2980 ville
2080 2940 2221 2981 nostre

273 3030 460 3086 predicte
481 3030 533 3072 de
553 3028 839 3071 LANTRISSEN
872 3032 915 3072 et
948 3044 1094 3072 eorum
1124 3028 1426 3072 successoribus
1455 3027 1722 3070 concedimus
1750 3027 2005 3071 innovamus
2032 3031 2220 3085 accepta-
