2386 3645
1917 272 2026 314 1401

141 479 377 522 MOUBRAY
396 478 563 535 prefato
584 491 721 533 nuper
741 476 886 519 comiti
906 476 962 519 ad
981 475 1273 518 narracionem
1291 475 1412 518 illam
1442 477 1600 518 adtunc
1629 477 1808 521 ulterius
1835 480 2087 534 respondere

144 570 220 614 ubi
239 571 321 626 ipsi
340 570 632 613 narracionem
651 568 772 611 illam
793 581 973 610 cassasse
993 565 1250 609 debuissent.
1310 566 1373 608 Et
1391 566 1438 609 in
1457 565 1537 609 hoc
1555 567 1638 623 ipsi
1657 573 1914 612 erraverunt.

203 665 249 710 ΙΙ
279 662 394 705 Item
413 660 489 703 ubi
507 659 723 716 predictus
735 672 873 713 nuper
888 672 1025 700 comes
1045 657 1261 700 solomodo
1275 657 1404 713 peciit
1418 672 1493 713 per
1512 658 1749 713 predictum
1764 658 1890 702 breve
1909 664 2092 704 castrum

144 754 200 796 de
221 753 469 797 SWEYNSEY
489 754 532 794 et
552 754 711 794 terram
732 750 786 792 de
815 748 988 792 GowER
1017 748 1064 790 in
1095 747 1292 792 WALLIA
1322 751 1366 791 et
1394 762 1470 804 per
1498 748 1790 791 narracionem
1820 765 1939 793 suam
1969 766 2093 808 super

144 844 265 888 brevi
284 844 359 886 illo
379 843 468 899 ipse
489 840 712 898 supposuit
732 840 846 896 quod
866 838 1153 883 WILLELMUS
1183 843 1420 882 antecessor
1449 853 1550 882 suus
1579 840 1632 881 de
1662 839 1785 895 cujus
1815 840 1979 893 seisina,
2001 845 2093 895 etc,

145 936 258 991 cepit
287 934 508 990 expleam,
540 935 634 985 etc„
665 931 864 974 videlicet
891 931 938 973 in
968 930 1222 973 allocacione
1253 930 1380 973 castri
1409 933 1452 973 et
1480 930 1526 972 in
1556 930 1768 987 homagiis
1796 931 2032 975 redditibus
2052 939 2095 976 et

146 1026 371 1082 arreragiis
391 1024 643 1067 reddituum
662 1022 800 1066 bladis
819 1021 1048 1077 herbagiis.
1111 1021 1207 1068 Que
1229 1022 1403 1078 quidem
1799 1024 1812 1048 ¹
1843 1024 2032 1079 explecia
2051 1024 2097 1066 in

148 1117 359 1173 homagiis
379 1115 618 1158 redditibus
638 1113 863 1170 arreragiis
890 1114 1082 1156 redditus
1111 1128 1199 1156 non
1228 1113 1530 1157 warantizatur
1558 1128 1636 1156 nec
1664 1113 1917 1157 relacionem
1946 1114 2100 1158 habere

148 1212 289 1264 potest
310 1208 365 1250 ad
386 1208 644 1249 demandam
664 1206 711 1248 in
730 1205 849 1248 brevi
868 1205 1059 1261 predicto
1079 1205 1276 1248 videlicet
1295 1220 1373 1247 nec
1392 1206 1448 1247 ad
1468 1208 1654 1248 castrum
1677 1220 1755 1248 nec
1784 1207 1839 1248 ad
1868 1206 2102 1262 predictam

146 1303 308 1343 terram
339 1300 392 1342 de
423 1298 598 1342 Gowssn
625 1301 668 1340 et
698 1298 756 1340 sic
792 1297 985 1340 narracio
1024 1296 1205 1353 predicti
1243 1312 1380 1353 nuper
1420 1297 1584 1339 comitis
1613 1312 1739 1353 super
1767 1296 1885 1340 brevi
1914 1299 2102 1353 predicto

150 1390 365 1434 cassabilis
385 1390 541 1433 extitit.
605 1389 701 1436 Que
731 1388 908 1444 quidem
937 1388 1129 1430 narracio
1158 1403 1233 1444 per
1262 1388 1501 1444 predictum
1521 1387 1551 1431 J
1554 1401 1779 1430 OHANNEM
1801 1389 1853 1430 de
1874 1388 2105 1430 MOUBRAY

151 1482 296 1524 extitit
318 1481 608 1537 calumpniata
620 1483 749 1536 prout
769 1483 887 1536 patet
907 1494 983 1536 per
1005 1480 1228 1522 recordum
1247 1480 1487 1535 predictum
1499 1481 1542 1522 et
1563 1493 1611 1521 eo
1631 1493 1717 1521 non
1734 1478 1927 1521 obstante
1949 1479 2105 1534 prefati

150 1572 378 1628 justiciarii
396 1573 452 1614 ad
472 1576 577 1614 tunc
598 1571 905 1628 adjudicarunt
927 1570 1144 1626 prefatum
1165 1569 1194 1613 J
1197 1584 1422 1611 OHANNEM
1452 1570 1505 1611 de
1534 1569 1766 1612 Mommu
1786 1569 1951 1625 prefato
1971 1584 2108 1625 nuper

151 1663 296 1706 comiti
335 1664 391 1705 ad
431 1662 724 1705 narracionem
763 1661 888 1703 illam
928 1661 1107 1703 ulterius
1146 1662 1399 1717 respondere
1438 1660 1513 1703 ubi
1552 1660 1617 1703 illi
1655 1661 1946 1703 narracionem
1984 1661 2106 1703 illam

150 1769 333 1798 cassasse
353 1754 607 1797 debuerunt.
670 1753 732 1796 Et
752 1754 798 1795 in
818 1753 898 1796 hoc
919 1753 1001 1809 ipsi
1022 1757 1281 1795 erraverunt.

211 1849 256 1895 (Ι
288 1845 403 1888 Item
422 1844 498 1888 ubi
519 1845 564 1887 in
586 1844 776 1900 quolibet
798 1844 917 1887 brevi
939 1844 991 1886 de
1021 1844 1188 1900 precipe
1219 1844 1333 1899 quod
1362 1843 1514 1886 reddat
1533 1843 1607 1886 ubi
1628 1847 1738 1886 terre
1768 1844 1835 1885 vel
1864 1845 2109 1885 tenementa

158 1942 258 1980 sunt
277 1938 464 1994 petenda
483 1938 696 1979 demanda
715 1937 761 1978 in
782 1936 901 1979 brevi
922 1935 1048 1978 debet
1068 1935 1160 1978 fieri
1180 1936 1226 1978 in
1247 1939 1359 1978 certo
1380 1938 1423 1977 et
1442 1950 1518 1992 pro
1534 1941 1647 1978 certa
1659 1936 1899 1991 quantitate
1919 1935 1980 1977 ita
1996 1935 2110 1991 quod

154 2033 305 2072 tenens
325 2029 371 2071 in
391 2028 510 2071 brevi
532 2027 748 2071 certiorari
768 2028 901 2083 possit
922 2042 998 2083 per
1016 2026 1144 2069 breve
1164 2027 1209 2069 in
1240 2031 1351 2069 certo
1373 2027 1427 2068 ad
1457 2027 1571 2082 quod
1596 2026 1686 2081 ipse
1707 2027 1957 2081 respondere
1980 2025 2109 2068 debat

162 2121 265 2174 (sic).
328 2120 390 2162 Et
409 2120 625 2176 predictus
647 2133 785 2161 comes
805 2133 881 2175 per
902 2118 1143 2174 predictum
1164 2117 1290 2160 breve
1310 2118 1363 2159 de
1393 2122 1506 2160 recto
1530 2117 1658 2173 peciit
1686 2120 1843 2159 terram
1863 2117 1916 2158 de
1937 2116 2110 2159 Gowm

157 2211 204 2253 in
232 2209 422 2254 WALLIA
438 2225 524 2253 non
542 2210 796 2253 declarando
813 2209 1002 2265 aliquam
1019 2212 1177 2251 certam
1194 2208 1480 2264 quantitatem
1499 2223 1574 2264 per
1592 2208 1775 2250 formam
1795 2208 1904 2264 legis
1923 2207 2108 2250 ANGLIE

158 2304 272 2360 quod
296 2318 370 2359 per
397 2302 637 2358 predictum
662 2302 691 2345 J
695 2316 921 2344 OHANNEM
947 2301 1000 2343 de
1031 2300 1260 2343 MOUBRAY
1288 2299 1625 2354 calumpniatuin
1645 2299 1730 2341 fuit
1750 2302 1877 2354 prout
1896 2302 2013 2354 patet
2033 2313 2108 2354 per

157 2395 379 2437 recordum
398 2394 651 2449 predictum.
713 2392 775 2435 Et
795 2407 843 2435 eo
865 2407 952 2435 non
982 2391 1177 2434 obstante
1207 2390 1363 2447 prefati
1387 2390 1613 2446 justiciarii
1643 2389 1945 2446 adjudicarunt
1966 2389 2106 2444 ipsum

153 2485 415 2528 JOHANNEM
437 2485 489 2526 de
511 2483 742 2526 MOUBRAY
768 2484 824 2526 ad
855 2483 1197 2539 respondendum
1226 2481 1403 2524 ulterius
1428 2482 1481 2523 ad
1512 2481 1750 2536 predictum
1772 2480 1897 2523 breve
1928 2479 2002 2522 ubi
2027 2480 2109 2535 ipsi

159 2575 286 2619 breve
306 2575 416 2618 fflud
438 2589 617 2617 cassasse
638 2574 894 2617 debuissent.
957 2573 1018 2616 Et
1037 2573 1084 2615 in
1104 2573 1183 2615 hoc
1202 2573 1283 2628 ipsi
1305 2576 1563 2614 erraverunt.

220 2668 265 2712 CI
296 2666 410 2708 Item
450 2665 667 2722 predictus
706 2680 842 2720 nuper
883 2679 1020 2707 comes
1060 2680 1135 2720 per
1166 2664 1291 2706 breve
1331 2678 1455 2706 suum
1484 2663 1723 2718 predictum
1761 2661 1888 2717 peciit
1922 2661 2110 2716 predicta

162 2761 347 2800 castrum
365 2758 419 2800 de
441 2756 718 2800 SWEYNESEY
741 2760 783 2798 et
803 2759 961 2799 terram
981 2757 1035 2797 de
1057 2755 1230 2798 Goxvssn
1250 2755 1296 2797 in
1321 2753 1518 2798 WALLIA
1539 2769 1623 2796 non
1645 2753 1840 2795 faciendo
1856 2753 2111 2794 demandam

162 2863 284 2891 suam
315 2848 362 2889 in
398 2846 612 2903 aliquibus
646 2847 761 2889 villis
796 2850 923 2903 prout
959 2846 1172 2889 debuisset
1206 2862 1281 2902 per
1315 2846 1456 2902 legem
1486 2845 1672 2888 ANGLIE
1700 2845 1814 2900 quod
1841 2845 1999 2886 adtunc
2036 2858 2112 2898 per

163 2939 402 2995 predictum
423 2937 453 2980 J
455 2951 681 2980 OHANNEM
703 2938 756 2980 de
778 2937 1009 2980 MOUBRAY
1030 2938 1367 2993 calumpniatum
1391 2936 1477 2978 fuit
1505 2939 1632 2992 prout
1651 2938 1770 2991 patet
1798 2950 1873 2991 per
1891 2935 2113 2977 recordum

161 3029 400 3085 predictum
421 3035 463 3071 et
486 3042 535 3070 eo
555 3042 642 3070 non
663 3027 857 3070 obstante
878 3028 1036 3083 prefati
1056 3027 1282 3083 justiciarii
1302 3027 1673 3070 consideraverunt
1692 3026 1833 3081 ipsum
1852 3025 2111 3068 JOHANNEM

368 3168 439 3202 8Α
