2386 3645
278 263 391 305 1264

218 471 332 513 dicto
362 470 533 513 domino
564 470 803 513 Nmnomo
833 472 876 513 et
904 470 1131 513 heredibus
1161 470 1246 513 suis
1276 471 1345 513 vel
1375 470 1601 527 assignatis
1631 473 1778 514 contra
1805 486 1950 514 omnes
1976 472 2179 515 mortales

219 561 589 606 warantizabimus
614 561 678 618 [et
698 562 975 604 defendemus
994 561 1062 618 in]
1092 564 1359 618 perpetuum.
1420 561 1477 604 In
1508 561 1575 618 cuj
1582 577 1631 604 us
1659 562 1721 604 rei
1750 562 2044 605 testimonium
2073 563 2177 606 huie

221 654 409 710 presenti
429 656 540 696 carte
561 668 653 695 mee
674 653 865 708 sigillum
884 668 1030 694 meum
1051 653 1239 708 apposui.

280 745 383 787 Hiis
398 744 576 787 testibus
595 779 602 786 .
623 744 791 786 ΤΗΟΜΑ
807 745 846 786 le
863 744 1085 786 BARBOUR
1098 746 1141 786 et
1157 743 1415 787 WILLELMO
1440 778 1448 786 .
1475 778 1483 786 .
1509 778 1517 786 .
1542 759 1604 786 NY
1619 747 1722 787 tunc
1739 745 1963 800 prepositis
1979 744 2107 801 burgi
2121 745 2175 787 de

221 836 437 879 KAERDIF
472 869 481 879 .
523 835 553 878 J
556 850 743 878 OHANNE
783 836 823 878 le
864 835 1078 877 BoTYLER
1110 838 1213 877 tuno
1254 834 1409 877 ballivo
1443 836 1632 878 eiusdem
1671 835 1799 892 burgi
1827 869 1835 878 .
1866 835 2109 878 RICHARDO
2139 836 2182 878 le

221 927 444 970 BARBOUR
475 961 484 970 .
517 926 546 969 J
550 941 736 968 OHANNE
767 926 797 969 J
800 940 941 968 osEPH
974 960 983 968 .
1017 926 1136 968 REso
1168 926 1242 968 Dc
1266 959 1275 968 .
1298 925 1328 968 J
1331 941 1519 968 OHANNE
1544 926 1687 968 ADAM
1711 959 1719 968 .
1743 926 1773 969 J
1775 941 1963 969 oHANNE
1986 926 2146 969 PAYER
2168 960 2177 969 .

222 1019 481 1062 W1LLELMO
502 1017 595 1060 Tor
619 1051 627 1059 .
651 1017 885 1061 WALTERO
906 1017 1047 1059 ADAM
1072 1050 1080 1059 .
1104 1019 1146 1059 et
1166 1017 1315 1059 multis
1336 1017 1444 1059 aliis.

281 1109 445 1152 Datum
466 1109 581 1164 apud
614 1108 829 1150 KAERDIF
863 1108 931 1150 die
953 1107 1129 1150 Sabbati
1149 1108 1194 1149 in
1215 1108 1324 1150 festo
1346 1107 1492 1150 Sancti
1514 1108 1711 1151 GEORGII
1726 1109 1913 1151 martiris
1929 1124 2041 1152 anno
2056 1110 2183 1166 regni

222 1200 356 1257 Regis
376 1200 599 1242 EDWARDI
621 1199 740 1241 tercii
760 1202 855 1254 post
876 1201 1154 1254 conquestum
1175 1199 1338 1241 decimo
1360 1213 1486 1241 nono.

279 1291 376 1335 Seal
397 1291 602 1346 wanting.

1019 1545 1380 1590 DGGCOXOIV.

221 1654 708 1699 CONFIRMATION
789 1653 874 1696 ΒΥ
954 1653 1148 1695 HUGH
1228 1653 1309 1695 LE
1390 1654 1771 1706 DESPENSER,
1847 1654 2016 1698 LORD
2098 1655 2177 1698 OF

370 1746 779 1799 GLAMORGAN,
837 1746 913 1788 TO
966 1745 1257 1797 MARGAM,
1310 1746 1388 1788 OF
1444 1746 1571 1789 ALL
1631 1746 2039 1799 POSSESSIONS,
2092 1747 2177 1791 ΟΝ

370 1838 717 1881 OONDITION
783 1837 861 1880 OF
921 1837 1011 1880 AN
1070 1836 1538 1881 ANNIVERSARY
1597 1838 1863 1881 SERVIOE
1926 1839 2011 1881 ON
2070 1839 2180 1883 HIS

369 1929 711 1973 BIRTHDAY
751 1929 1016 1972 YEARLY
1056 1929 1191 1971 AND
1232 1929 1315 1971 AT
1358 1929 1466 1972 HIS
1513 1929 1672 1982 OBIT,
1726 1929 1802 1972 TO
1854 1929 1984 1972 THE
2036 1931 2181 1973 PER-

372 2021 719 2065 FORMANCE
762 2021 840 2063 OF
876 2020 1104 2064 WHIOH
1145 2020 1324 2063 THEY
1367 2020 1615 2063 PLEDGE
1653 2021 1783 2062 THE
1834 2020 2062 2064 MANOR
2103 2021 2183 2064 OF

372 2112 828 2156 LANMEUTHIN.

938 2169 1170 2226 [MARGAM
1213 2169 1471 2226 CHARTER]

1140 2279 1192 2319 15
1225 2278 1335 2320 FER.
1362 2311 1370 2320 .
1396 2311 1405 2320 .
1431 2312 1439 2320 .
1463 2277 1591 2320 Enw.
1625 2277 1716 2319 III.
1780 2277 1967 2320 BEFORE
2002 2280 2125 2322 1347.

295 2387 454 2442 [HUGo
503 2387 543 2429 le
594 2385 885 2442 DESPENSER]
931 2386 1129 2427 dominus
1180 2385 1542 2428 GLAMORGANCIE
1584 2388 1627 2427 et
1671 2385 1948 2427 MORGANCIE
1990 2386 2190 2431 omnibus

233 2478 478 2522 hominibus
508 2478 594 2520 suis
614 2478 834 2520 ANGLmis
856 2480 899 2519 et
920 2477 1254 2520 WALLENSIBUS
1286 2492 1333 2518 ac
1354 2477 1590 2519 vicecomiti
1621 2492 1695 2519 suo
1717 2480 1759 2518 et
1791 2476 1987 2519 omnibus
2016 2477 2187 2521 ballivis

236 2574 279 2614 et
308 2570 515 2613 ministris
550 2570 635 2612 suis
665 2570 856 2625 parcium
879 2602 1095 2612 .......
1124 2568 1219 2625 [de]
1252 2569 1395 2625 gracia
1441 2571 1584 2610 nostra
1627 2568 1798 2624 speciali
1840 2584 1888 2611 ao
1929 2584 2005 2624 pro
2050 2570 2188 2613 salute

240 2663 382 2705 anime
403 2664 545 2704 nostre
567 2666 609 2703 et
630 2661 766 2703 salute
787 2661 979 2702 omnium
1001 2663 1312 2702 antecessorum
1329 2663 1371 2701 et
1393 2674 1676 2701 successorum
1692 2662 1934 2701 nostrorum
1949 2660 2192 2704 dederimus

236 2752 560 2796 concesserimus
583 2785 763 2795 ......
786 2751 991 2794 MARGAN
1015 2754 1057 2793 et
1072 2750 1290 2793 monachis
1310 2750 1470 2793 ibidem
1490 2749 1584 2792 Deo
1606 2749 1888 2792 servientibus
1907 2750 1952 2791 in
1973 2766 2126 2806 puram
2146 2754 2191 2795 et

238 2847 487 2900 perpetuam
509 2842 782 2885 elemosinam
800 2845 936 2884 totam
964 2846 1122 2885 terram
1143 2843 1196 2884 de
1219 2872 1402 2885 ......
1426 2856 1444 2883 s
1464 2841 1510 2883 in
1531 2841 1657 2883 cartis
1678 2840 1900 2883 MORGANI
1929 2856 1982 2896 ap
2011 2840 2192 2885 ORADoc

238 2938 282 2978 et
321 2934 514 2977 LEISANI
553 2934 631 2975 filii
671 2934 765 2989 ejus
804 2949 880 2990 per
919 2949 996 2975 nos
1029 2934 1148 2988 prius
1184 2932 1442 2975 confirmatis
1464 2961 1645 2974 ......
1669 2931 1765 2974 ibus
1799 2931 1924 2974 metis
1959 2934 2001 2974 et
2033 2932 2192 2976 bundis

236 3027 421 3083 quedam
448 3025 670 3068 altercacio
694 3041 831 3081 nuper
862 3040 1001 3068 coram
1026 3024 1271 3067 vicecomite
1301 3026 1445 3066 nostro
1475 3023 1576 3066 hinc
1606 3023 1707 3065 inde
1738 3022 1895 3080 fa[0ta]
1937 3026 1986 3065 ut
2008 3056 2017 3065 .
2043 3056 2053 3066 .
2079 3057 2087 3066 .
2113 3057 2121 3066 .
2145 3039 2193 3068 as
