2386 3645
272 270 383 311 1306

208 475 376 518 ΤΗΟΜΕ
396 476 586 518 dominia
605 479 648 518 et
668 475 841 518 servicia
865 475 1056 517 omnium
1085 474 1313 517 liberorum
1343 472 1585 515 tenencium
1616 470 1902 512 maneriorum
1934 470 2148 525 supradic-

209 568 350 608 torum
391 566 442 608 de
483 565 888 608 SCURLAGISCASTEL
920 568 963 607 et
993 565 1156 608 BURRY
1191 580 1239 607 ao
1269 565 1398 606 etiam
1428 562 1619 605 omnium
1649 560 1878 602 liberorum
1907 561 2151 603 tenencium

208 670 400 698 meorum
429 657 544 712 apud
574 655 861 698 LANREDYAN
893 658 934 697 et
964 654 1292 697 THOREUDREF’
1314 654 1360 695 in
1381 653 1506 694 feodo
1534 650 1775 706 supradicto
1797 651 1849 693 de
1869 650 2118 693 LANmMoR
2140 685 2149 694 .

221 745 335 789 Dedi
351 749 540 802 preterea
552 749 595 789 et
608 746 787 788 concessi
801 746 957 788 eisdem
969 746 1011 788 J.
1022 748 1065 787 et
1078 745 1164 787 ΤΗ.
1174 744 1330 800 viginti
1347 743 1499 785 solidos
1513 741 1646 784 annui
1658 742 1850 784 redditus
1862 742 2154 798 percipiendos

210 836 257 879 in
277 836 434 879 festum
449 836 492 879 S.
511 836 653 878 Mma.
669 837 720 878 de
734 836 884 878 abbate
901 836 952 877 de
970 835 1172 876 MORGAN
1189 837 1232 875 et
1250 834 1335 875 suis
1356 831 1659 874 successoribus
1679 834 1881 874 exeuntes
1897 832 1949 874 de
1964 833 2154 875 manerio

211 928 263 970 de
283 927 521 970 LANGEWY
550 927 596 969 in
626 942 729 969 com.
763 928 814 968 de
846 925 1145 968 GLAMORGAN.
1212 925 1406 965 Preterea
1434 923 1533 964 dedi
1554 925 1596 965 et
1617 938 1729 964 conc.
1754 923 1912 965 eisdem
1931 922 1973 965 J.
1998 926 2040 965 et
2064 923 2151 966 ΤΗ.

211 1018 367 1073 viginti
388 1020 569 1074 quatuor
589 1032 705 1059 acras
724 1019 833 1058 terre
854 1031 949 1058 cum
976 1017 1070 1071 pert
1091 1046 1101 1057 .
1124 1017 1290 1057 vocatas
1310 1014 1349 1055 le
1372 1013 1635 1056 WYTELEYE
1656 1013 1702 1055 in
1730 1013 1856 1056 feodo
1877 1015 1930 1055 de
1951 1013 2152 1057 Pomm-

209 1123 301 1150 NON
324 1141 333 1150 .
357 1107 470 1150 Dedi
490 1108 617 1149 etiam
638 1110 679 1148 et
699 1106 879 1148 concessi
899 1107 1102 1148 undecem
1123 1105 1322 1147 solidatas
1341 1104 1533 1146 redditus
1552 1104 1778 1146 annuatim
1793 1105 2083 1160 percipiendas
2098 1107 2152 1148 de

207 1198 374 1241 THOMA
410 1198 568 1240 ΒΕΝΕΤ
611 1198 812 1239 ΒΙΟΑΒΒΟ
853 1197 1050 1238 BEMOND
1096 1198 1139 1237 et
1178 1195 1334 1237 DAvm
1385 1194 1658 1238 WEREYNGE
1699 1195 1858 1237 eisdem
1895 1195 1938 1238 J.
1981 1200 2023 1238 et
2062 1196 2150 1238 ΤΗ.

208 1289 435 1345 capellanis
468 1323 475 1331 .
509 1291 710 1330 exeuntes
751 1289 802 1329 de
842 1287 964 1329 terris
1000 1289 1042 1328 et
1073 1286 1328 1328 tenementis
1356 1287 1588 1328 eorundem
1627 1286 1870 1328 tenencium
1909 1287 2151 1343 jacentibus

202 1380 249 1422 in
284 1380 407 1422 feodo
439 1380 492 1421 de
523 1379 948 1421 REYNWARDISTONE
981 1377 1107 1432 juxta
1139 1391 1304 1419 crucem
1335 1377 1574 1432 palmarum
1614 1377 1667 1418 de
1699 1376 1991 1420 LANGENYTH
2024 1378 2151 1421 simul

207 1486 302 1513 cum
324 1470 566 1512 feodelitate
592 1470 678 1523 (sio)
705 1468 904 1510 dominiis
924 1467 1106 1510 serviciis
1125 1467 1295 1509 wardiis
1313 1467 1484 1510 releviis
1510 1467 1712 1510 eschaetis
1733 1467 1905 1510 herietis
1924 1470 2157 1511 eorundem

207 1561 448 1603 tenencium
480 1575 576 1601 cum
604 1574 716 1601 omn.
751 1563 856 1613 pert.
886 1559 941 1600 ad
971 1558 1083 1600 dicta
1113 1561 1358 1601 tenementa
1388 1558 1689 1614 spectantibus.
1751 1559 1950 1602 Preterea
1980 1560 2080 1603 dedi
2110 1563 2153 1603 et

204 1651 384 1694 concessi
414 1650 591 1705 prefatis
630 1649 672 1692 J.
715 1649 817 1691 Dou
854 1654 895 1691 et
928 1648 1013 1691 ΤΗ.
1050 1649 1285 1691 EXCESTRE
1327 1652 1508 1705 quatuor
1548 1650 1747 1692 solidatas
1787 1652 1921 1692 annui
1959 1652 2152 1694 redditus

204 1742 494 1799 percipiendas
521 1741 567 1782 in
593 1740 700 1782 festo
731 1740 773 1782 S.
804 1740 945 1782 Mica.
979 1743 1022 1782 et
1046 1740 1208 1783 Pasche
1235 1741 1287 1782 de
1317 1741 1347 1784 J
1350 1755 1471 1783 EUAN
1498 1756 1552 1796 ap
1578 1740 1787 1783 GWYLYM
1815 1741 1945 1785 VOYA
1972 1756 2048 1798 pro
2069 1758 2155 1786 uno

204 1833 441 1888 messuagio
473 1834 515 1874 et
544 1832 870 1887 quatuordecem
900 1832 1006 1874 acris
1035 1835 1145 1874 terre
1176 1848 1258 1888 que
1289 1834 1341 1875 de
1369 1848 1436 1874 me
1461 1835 1577 1874 tenet
1598 1834 1713 1888 apud
1734 1832 1869 1875 RYAN
1890 1834 1935 1875 in
1956 1833 2081 1876 feodo
2102 1835 2156 1877 de

207 1923 463 1966 SWEYNISSE
486 1924 540 1965 ad
559 1923 790 1965 terminum
811 1923 898 1964 vite
919 1938 992 1965 sue
1023 1924 1150 1966 simul
1171 1939 1267 1966 cum
1297 1923 1543 1966 feodelitate
1574 1927 1617 1966 et
1646 1925 1820 1967 servicio
1851 1925 1954 1967 dicti
1983 1925 2014 1969 J
2016 1940 2154 1968 EUAN.

207 2015 318 2059 Volo
359 2014 488 2056 etiam
523 2016 566 2056 et
605 2015 785 2056 concedo
826 2015 938 2069 quod
979 2016 1217 2071 supradicte
1258 2016 1585 2071 quatuordecem
1625 2030 1717 2058 acre
1756 2018 1867 2058 terre
1908 2031 2004 2058 cum
2044 2018 2158 2059 dicto

208 2105 445 2160 messuagio
466 2108 509 2147 et
529 2105 614 2147 suis
634 2107 739 2159 pert.
763 2121 844 2161 que
871 2105 1001 2148 michi
1020 2109 1114 2162 post
1146 2107 1362 2149 decessum
1387 2108 1556 2163 suprad.
1588 2106 1618 2150 J
1621 2121 1744 2149 EUAN
1771 2108 1925 2149 reverti
1955 2107 2159 2151 deberent

209 2198 457 2238 remaneant
488 2196 645 2238 eisdem
675 2196 716 2239 J.
750 2195 849 2238 Dou
882 2200 924 2239 et
955 2196 1041 2239 ΤΗ.
1074 2197 1309 2240 EXCESTRE
1339 2197 1528 2240 heredib.
1562 2200 1605 2239 et
1644 2198 1800 2254 assign.
1843 2198 2156 2254 inperpetuum.

210 2286 410 2328 Pretcrea
440 2286 538 2328 dedi
559 2289 601 2328 et
632 2302 743 2329 conc.
777 2287 934 2329 eisdem
964 2288 1006 2331 J.
1040 2288 1142 2331 Dou
1173 2292 1216 2331 et
1247 2289 1334 2331 ΤΗ.
1367 2288 1603 2331 EXCESTRE
1631 2305 1763 2331 unam
1790 2291 1945 2332 turrim
1965 2293 2158 2333 vocatam

214 2381 224 2400 ‘
242 2378 510 2420 BOKYNHAM
544 2377 670 2420 TOUR
687 2377 698 2396 '
731 2393 826 2420 cum
866 2379 1032 2421 duobus
1061 2381 1316 2422 tenementis
1344 2381 1597 2422 existentem
1628 2380 1743 2423 infla
1770 2381 1950 2424 ballium
1979 2382 2079 2424 ville
2107 2383 2161 2425 de

213 2468 471 2512 SWEYlesE
504 2483 683 2523 quorum
718 2484 854 2511 unum
892 2473 1187 2513 tenementum
1225 2471 1340 2527 jacet
1378 2472 1505 2528 juxta
1545 2472 1724 2513 eandem
1762 2473 1917 2515 turrim
1951 2473 1997 2515 in
2036 2477 2157 2529 parte

212 2559 373 2602 boreali
412 2574 545 2614 usque
584 2561 639 2601 ad
678 2575 850 2603 murum
888 2561 1009 2604 ballii
1049 2563 1282 2619 supradicti
1321 2566 1365 2606 et
1406 2563 1524 2605 aliud
1563 2566 1855 2605 tenementum
1894 2563 2006 2620 jacet
2037 2565 2166 2622 juxta

216 2652 396 2693 eandem
426 2650 580 2692 turrim
608 2651 823 2694 mediante
854 2655 1097 2696 tenemento
1126 2654 1294 2697 ΤΗοΜΕ
1326 2654 1542 2698 WRENCH
1575 2687 1584 2696 .
1617 2657 1659 2696 et
1689 2657 1934 2697 tenemento
1965 2655 2163 2698 RmARm

214 2741 254 2783 le
285 2741 471 2783 CLERKE
502 2742 547 2783 in
578 2744 697 2797 parte
728 2742 936 2786 orientali.
998 2744 1202 2787 Habend.
1235 2748 1278 2787 et
1312 2746 1483 2787 tenend.
1517 2745 1661 2787 omnia
1691 2746 1858 2801 suprad.
1891 2747 2081 2789 maneria
2111 2748 2164 2790 de

216 2831 623 2874 ScURLAGISCAsTEL
664 2835 706 2875 et
746 2833 911 2876 BURRY
950 2836 1189 2892 messuagia
1228 2838 1363 2878 terras
1396 2839 1551 2879 tenem.
1603 2836 1786 2878 molend.
1829 2836 1972 2879 boscos
2011 2852 2163 2893 gravas

215 2936 420 2964 marescos
456 2925 562 2977 past.
599 2922 792 2965 redditus
825 2925 1082 2967 reversiones
1117 2925 1306 2968 dominia
1338 2928 1382 2968 et
1416 2925 1591 2968 servicia
1622 2926 1752 2967 ward.
1790 2926 1947 2968 relevia
1971 2927 2164 2970 eschaeta

214 3010 377 3054 herieta
398 3012 590 3054 omnium
610 3014 853 3056 tenencium
873 3016 1043 3071 suprad.
1067 3016 1356 3059 maneriorum
1383 3018 1426 3059 et
1444 3019 1788 3059 tenementorum
1808 3032 1906 3059 cum
1934 3032 2046 3060 omn.
2079 3018 2173 3061 suis
