2386 3645
1991 312 2101 353 1627

224 511 469 553 monasterii
489 511 611 554 beate
631 510 790 553 Minna:
812 511 865 552 de
885 510 1090 552 MARGAN
1111 513 1154 553 et
1184 511 1376 567 ejusdem
1405 513 1485 555 loci
1515 517 1769 557 conventum
1799 530 1851 558 ex
1880 519 2000 572 parte
2030 517 2162 559 altera

224 605 416 654 testatur,
439 602 552 657 quod
581 617 657 644 nos
686 601 900 657 predictus
931 601 1197 644 RICHARDUS
1226 603 1478 645 tradidimus
1505 606 1780 648 concessimus
1801 609 1843 648 et
1871 607 1950 649 hac
1979 607 2164 663 presenti

223 696 339 735 carta
370 696 514 735 nostra
553 694 777 735 indentata
817 692 1159 734 confirmavimus
1199 693 1386 747 predicto
1427 693 1570 736 abbati
1606 698 1648 737 et
1684 697 1910 739 conventui
1941 700 1983 739 et
2018 713 2163 740 eorum

224 784 525 827 successoribus
556 786 802 839 purpartem
836 785 1024 825 nostram
1064 783 1348 826 maneriorum
1381 785 1432 826 de
1469 785 1673 827 NEWTON
1713 790 1756 828 et
1795 787 2032 830 NornscHE
2068 803 2163 831 cum

225 875 421 917 omnibus
447 875 533 917 suis
562 873 830 930 pertinentiis
850 874 896 915 in
918 874 1134 916 excambio
1164 889 1240 930 pro
1273 875 1461 918 manerio
1492 878 1544 918 de
1576 876 1813 919 RosonLYN
1844 893 1940 920 cum
1969 879 2164 922 omnibus

225 966 310 1008 suis
341 965 624 1021 pertinenciis.
696 964 962 1007 Habendum
997 968 1038 1006 et
1070 967 1303 1007 tenendum
1336 967 1568 1021 predictam
1602 971 1847 1023 purpartem
1881 970 2165 1011 maneriorum

225 1056 510 1112 predictorum
531 1070 627 1097 cum
648 1054 843 1097 omnibus
863 1055 949 1097 suis
978 1055 1246 1110 pertinentiis
1279 1056 1441 1111 prefato
1471 1057 1615 1099 abbati
1635 1061 1678 1100 et
1698 1059 1925 1101 conventui
1945 1063 1987 1101 et
2007 1074 2164 1102 succes-

224 1147 386 1190 soribus
425 1146 511 1188 suis
546 1147 601 1188 ad
650 1146 882 1188 terminum
921 1146 1053 1188 trium
1093 1162 1302 1189 annorum
1354 1149 1544 1203 proxime
1583 1149 1850 1204 sequentium
1889 1153 1932 1192 et
1979 1150 2167 1206 plenarie

225 1237 569 1293 complendorum
598 1239 694 1292 post
724 1238 874 1279 datum
902 1238 1178 1292 presencium.
1241 1237 1296 1280 In
1318 1238 1440 1294 cujus
1460 1240 1522 1281 rei
1551 1240 1842 1282 testimonium
1866 1244 1956 1283 tam
1978 1241 2167 1297 sigillum

225 1329 470 1372 cancellarie
505 1331 646 1370 nostre
687 1343 816 1384 quam
852 1328 1042 1384 sigillum
1082 1343 1305 1372 commune
1337 1330 1440 1372 dicti
1479 1332 1724 1374 monasterii
1763 1332 2028 1387 presentibus
2068 1336 2168 1376 sunt

222 1435 419 1476 appensa.

278 1510 443 1552 Datum
480 1510 527 1552 in
562 1513 696 1552 castro
729 1514 872 1552 nostro
908 1511 960 1552 de
992 1509 1231 1552 KERDYFF'
1265 1511 1333 1553 die
1368 1514 1412 1553 et
1441 1527 1553 1554 anno
1586 1513 1849 1568 supradictis.

276 1602 514 1658 Fragment
564 1601 610 1643 of
668 1600 741 1642 the
790 1602 878 1643 2nd
929 1601 1152 1657 Ohancery
1201 1603 1298 1654 scal,
1349 1602 1395 1644 in
1442 1603 1570 1645 white
1613 1619 1720 1657 wax,
1767 1620 1813 1647 as
1858 1606 2072 1650 described
2120 1607 2166 1650 in

223 1692 310 1735 No.
332 1707 510 1734 MCXCIV.

1108 1908 1290 1951 MOXO.

224 2015 451 2059 POWER
482 2015 560 2057 OF
589 2014 934 2058 ATTORNEY
964 2015 1051 2058 BY
1090 2016 1366 2059 EDMUND
1410 2016 1833 2061 STRADELYN&
1877 2019 1953 2062 ΤΟ
1997 2020 2165 2063 JOHN

367 2106 494 2148 DEE
534 2106 669 2149 AND
712 2106 1019 2149 ANOTHER
1057 2106 1133 2149 ΤΟ
1166 2106 1449 2150 DELIVER
1481 2108 1557 2151 ΤΟ
1589 2109 1758 2152 JOHN
1788 2109 1928 2153 HAY
1955 2110 2164 2155 SEIZIN

368 2197 446 2239 OF
477 2196 608 2239 THE
641 2196 807 2240 GRET
839 2197 1026 2249 PARK,
1058 2197 1202 2249 ETO„
1235 2197 1305 2241 IN
1338 2198 1596 2243 OOYTYF.

1079 2304 1153 2361 [G.
1180 2305 1231 2347 G.
1255 2305 1326 2360 E]

1342 2398 1396 2438 29
1419 2395 1547 2440 SEPT.
1609 2399 1661 2439 31
1686 2398 1808 2441 ΗΕΝ.
1832 2398 1914 2442 VI.
1978 2401 2100 2442 1452.

280 2503 490 2546 Omnibus
541 2503 727 2546 GfflzlsTI
779 2503 975 2546 fidelibus
1024 2505 1078 2545 ad
1129 2519 1233 2559 quos
1276 2519 1447 2559 presens
1498 2505 1701 2561 scriptum
1740 2507 1987 2561 pervenerit.
2064 2507 2160 2563 Ego

220 2594 480 2637 EDMUNDUS
520 2593 821 2636 STRADELYNG
854 2594 1039 2650 armiger
1074 2594 1255 2637 salutem
1281 2594 1327 2636 in
1359 2595 1547 2637 Domino
1574 2596 1885 2651 sempiternam.
1946 2597 2162 2640 Noveritis

219 2699 288 2726 me
322 2687 555 2726 attornasse
595 2687 637 2726 et
677 2684 722 2726 in
762 2685 852 2727 loco
884 2700 978 2727 meo
1007 2685 1192 2740 posuisse
1228 2685 1355 2726 michi
1385 2685 1430 2726 in
1462 2685 1658 2729 Onmsro
1695 2687 1869 2729 dilectos
1904 2687 1934 2730 J
1936 2701 2159 2729 OHANNEM

220 2773 322 2815 DEE
358 2775 410 2816 de
444 2773 730 2816 BRUGEENDE
765 2775 892 2830 juxta
926 2774 1102 2817 CoYTYF
1138 2775 1404 2830 capellanum
1439 2778 1481 2818 et
1515 2775 1752 2818 GRYFFITH
1788 2792 1841 2833 ap
1872 2778 2067 2819 MORGAN
2107 2779 2160 2819 de

220 2863 510 2906 COLYNGSTON
537 2864 664 2920 juxta
698 2864 952 2907 COWBREGE
985 2881 1104 2908 veros
1134 2869 1368 2908 attornatos
1395 2881 1510 2909 meos
1542 2868 1596 2909 ad
1632 2867 1954 2910 deliberandum
1989 2868 2159 2910 nomine

219 2968 314 2995 meo
354 2954 525 3009 plenam
564 2956 866 3010 possessionem
906 2957 958 2998 de
998 2971 1083 2999 uno
1116 2957 1255 2998 clauso
1291 2957 1458 3013 integro
1504 2961 1644 3000 vocato
1680 2957 1807 3000 GRET
1839 2957 2000 3000 P-ARKE
2032 2961 2074 3000 et
2112 2958 2158 3000 in

223 3043 420 3086 omnibus
439 3045 563 3087 terris
582 3046 716 3101 pratis
735 3046 900 3101 pascuis
929 3047 1112 3102 pasturis
1146 3046 1279 3089 boscis
1310 3046 1524 3104 subboscis
1550 3048 1629 3090 viis
1664 3048 1824 3090 semitis
1853 3049 1972 3103 aquis
1999 3049 2161 3104 stagnis
