2386 3645
288 268 398 309 1502

289 473 334 516 N
336 474 506 516 overitis
526 475 639 530 quod
660 489 796 530 nuper
816 473 1102 516 sanctissimus
1122 474 1167 515 in
1189 472 1386 515 CHRISTO
1405 475 1526 528 pater
1546 475 1588 513 et
1604 472 1801 514 dominus
1817 475 1958 515 noster
1973 474 2170 517 dominus

231 565 476 608 MARTINUS
505 566 650 608 divina
683 565 951 621 providencia
985 565 1104 620 Papa
1135 564 1309 619 quintus
1338 565 1552 619 quandam
1580 563 1882 605 commissionis
1903 564 1989 605 sive
2010 565 2169 620 suppli-

233 656 413 698 cacionis
433 657 625 699 cedulam
646 656 767 699 nobis
786 671 862 712 per
881 660 1041 698 certum
1065 670 1188 697 suum
1209 670 1418 697 cursorem
1447 655 1679 710 presentari
1700 654 1802 695 feeit
1822 669 1949 710 quam
1977 670 2053 697 nos
2074 670 2169 698 cum

234 761 284 789 ea
303 761 388 802 qua
408 747 548 789 decuit
569 747 808 789 reverencia
827 746 1060 801 recepimus
1080 745 1327 801 hujusmodi
1348 745 1425 788 sub
1445 750 1589 787 tenore
1608 761 1676 786 :—

378 840 388 859 ‘
405 837 625 893 Dignetur
653 837 852 879 sanctitas
885 839 1022 878 vestra
1043 850 1210 878 causam
1231 839 1272 876 et
1294 850 1437 877 causas
1458 835 1755 890 appellacionis
1777 838 1818 876 et
1835 835 2171 891 appellacionum

320 942 395 983 pro
433 931 554 983 parte
589 929 836 969 devotorum
870 927 1055 968 virorum
1094 926 1350 969 WILHELMI
1386 926 1619 968 MEURUCK
1655 926 1819 968 abbatis
1859 931 1901 968 et
1941 930 2173 970 conventus

319 1018 561 1061 monasterii
592 1018 714 1060 beate
747 1017 906 1059 MAmE
939 1018 991 1058 de
1023 1017 1255 1059 MORGANE
1288 1017 1447 1058 ordinis
1480 1017 1812 1059 CisTERclssNffis
1852 1017 2173 1060 LANDAVENSIS

320 1109 494 1151 diocesis
528 1112 571 1151 et
603 1108 705 1150 dicti
736 1107 981 1150 monasterii
1013 1107 1057 1148 in
1091 1107 1282 1162 partibus
1302 1108 1358 1149 ad
1379 1110 1567 1149 sanctam
1589 1108 1731 1149 sedem
1751 1108 2024 1162 apostolicam
2043 1110 2172 1150 inter-

320 1200 453 1255 posite
475 1202 517 1241 et
540 1199 885 1254 interpositarum
913 1213 938 1239 a
962 1198 1179 1240 nonnullis
1198 1197 1509 1239 monicionibus
1530 1201 1571 1239 et
1593 1197 1867 1240 citacionibus
1888 1199 1947 1240 eis
1967 1202 2009 1240 et
2030 1214 2175 1241 eorum

320 1290 601 1333 familiaribus
634 1306 707 1332 seu
739 1290 936 1332 firmariis
967 1289 1092 1330 factis
1124 1292 1340 1330 emanatas
1371 1304 1447 1344 per
1470 1290 1748 1331 reverendum
1768 1293 1933 1344 patrem
1953 1291 2175 1333 dominum

319 1381 574 1424 JOHANNEM
616 1382 857 1436 episcopum
896 1380 1242 1422 LANDAVENSEM
1281 1383 1371 1421 tam
1411 1395 1462 1421 ex
1503 1394 1632 1434 penso
1672 1380 1806 1422 officio
1847 1396 1921 1422 suo
1957 1396 2085 1436 quam
2120 1383 2175 1424 ad.

318 1472 571 1514 instanciam
592 1475 634 1514 et
655 1472 992 1527 procuracionem
1017 1471 1313 1512 canonicorum
1336 1474 1379 1512 et
1391 1470 1644 1512 vicariorum
1666 1471 1835 1513 ecclesie
1855 1470 2176 1515 LANDAvssNffls

318 1566 462 1605 contra
483 1564 696 1618 quendam
719 1562 922 1605 THOMAM
945 1562 1158 1605 WATKYN
1187 1561 1421 1604 firmarium
1443 1561 1668 1617 cujusdam
1689 1562 1867 1617 grangie
1889 1563 1974 1604 sive
1994 1564 2176 1606 manerii

316 1655 548 1711 vulgariter
581 1654 815 1710 nuncupati
848 1654 1203 1696 MOREGRAUNGE
1236 1654 1290 1694 ad
1323 1653 1485 1695 dictum
1512 1653 1817 1696 monasterium
1848 1655 2101 1709 pertinentis
2130 1658 2172 1697 et

321 1745 424 1787 alios
445 1745 675 1787 familiares
695 1745 902 1787 dictorum
926 1744 1091 1787 abbatis
1112 1748 1153 1786 et
1175 1746 1406 1786 conventus
1427 1744 1479 1785 de
1500 1748 1542 1785 et
1564 1758 1688 1798 super
1708 1743 1848 1798 pensis
1868 1744 2041 1786 decimis
2070 1744 2180 1787 dicte

320 1836 498 1892 grangie
532 1851 579 1878 ac
608 1836 734 1878 rebus
761 1836 856 1878 aliis
884 1838 927 1877 et
958 1850 1103 1878 eorum
1125 1835 1339 1877 occasione
1360 1850 1407 1876 ac
1427 1835 1522 1876 aliis
1542 1833 1862 1890 gravaminibus
1882 1834 2181 1877 vexacionibus

323 1929 364 1969 et
397 1926 791 1982 perturbacionibus
823 1926 981 1967 eisdem
1015 1925 1159 1968 abbati
1187 1929 1230 1967 et
1261 1925 1488 1968 conventui
1519 1928 1561 1967 et
1589 1939 1663 1966 suo
1696 1925 1951 1967 monasterio
1984 1928 2073 1967 tam
2107 1940 2182 1981 per

321 2017 537 2073 prefatum
569 2017 811 2072 episcopum
844 2031 973 2072 quam
999 2017 1053 2058 ad
1073 2016 1416 2071 procuracionem
1438 2018 1480 2057 et
1499 2015 1752 2057 instanciam
1772 2015 1981 2057 dictorum
2013 2016 2182 2058 canoni-

322 2122 465 2150 corum
514 2111 557 2149 et
597 2107 849 2150 vicariorum
890 2122 1019 2162 quam
1058 2115 1204 2149 contra
1254 2106 1408 2148 DAvm
1449 2106 1648 2147 APADAM
1694 2109 1736 2148 et
1780 2105 1809 2148 J
1812 2120 2036 2148 OHANNEM
2085 2106 2185 2148 ELY

323 2199 562 2255 capellanos
598 2198 708 2241 dicte
736 2198 1057 2240 LANDAVENSIS
1085 2198 1259 2241 diocesis
1287 2212 1515 2252 omnesque
1548 2197 1650 2239 alios
1679 2202 1721 2239 ct
1751 2197 1941 2253 singulos
1968 2213 2043 2240 sua
2074 2213 2184 2240 com-

323 2290 510 2332 muniter
552 2289 617 2331 vel
667 2289 836 2331 divisim
888 2289 1088 2331 interesse
1128 2291 1328 2344 putantes
1367 2289 1420 2330 de
1465 2292 1508 2330 et
1547 2303 1672 2343 super
1711 2288 1922 2343 premissis
1962 2295 2002 2330 et
2040 2303 2185 2331 eorum

327 2381 540 2424 occasione
573 2380 705 2422 illatis
739 2395 923 2422 unacum
953 2384 1043 2422 toto
1078 2381 1253 2436 negocio
1286 2379 1511 2435 principali
1545 2395 1617 2421 seu
1657 2379 1843 2436 negociis
1883 2379 2187 2436 principalibus

325 2473 587 2515 committere
620 2472 747 2513 alicui
781 2487 833 2513 ex
855 2471 1166 2514 venerabilibus
1191 2475 1234 2513 et
1269 2471 1578 2526 circumspectis
1598 2471 1700 2512 viris
1720 2471 1903 2513 dominis
1923 2471 2051 2513 vestri
2081 2472 2187 2514 sacri

325 2563 478 2619 palacii
499 2563 717 2618 apostolici
746 2577 967 2604 causarum
988 2561 1253 2604 auditoribus
1281 2562 1513 2603 audiendas
1534 2563 1843 2617 cognoscendas
1864 2562 2117 2604 decidendas
2146 2565 2189 2604 et

327 2654 410 2696 fine
431 2653 574 2696 debito
601 2654 892 2696 terminandas
921 2669 1016 2695 cum
1038 2653 1233 2695 omnibus
1254 2656 1296 2695 et
1318 2652 1498 2708 singulis
1519 2652 1605 2694 suis
1625 2652 1942 2708 emergentibus
1962 2653 2186 2695 incidenti-

327 2744 406 2787 bus
446 2743 783 2801 dependentibus
824 2747 867 2786 et
905 2744 1104 2786 connexis
1137 2748 1179 2786 et
1219 2759 1315 2786 cum
1354 2746 1561 2799 potestate
1603 2743 1763 2785 citandi
1799 2726 1931 2785 dictos
1967 2744 2188 2785 dominum

327 2835 356 2878 J
359 2849 583 2877 OHANNEM
617 2835 860 2890 episcopum
891 2850 938 2877 ac
972 2835 1193 2877 canonicos
1213 2838 1255 2877 et
1276 2834 1452 2876 vicarios
1472 2835 1582 2876 dicte
1604 2834 1773 2876 ecclesie
1794 2833 2115 2876 LANDAVENSIS
2146 2837 2189 2877 et

326 2927 431 2969 alios
472 2926 732 2981 supradictos
768 2941 996 2981 omnesque
1036 2927 1140 2968 alios
1171 2929 1213 2968 et
1244 2926 1434 2981 singulos
1475 2940 1550 2967 sua
1589 2925 1871 2967 communiter
1911 2910 1977 2968 vel
2018 2926 2187 2968 divisim

329 3017 530 3059 interesse
549 3019 749 3072 putantes
770 3020 860 3058 tam
881 3016 1143 3072 conjunctim
1165 3031 1293 3072 quam
1314 3016 1484 3058 divisim
1505 3015 1550 3057 in
1573 3014 1773 3057 ROMANA
1795 3016 1910 3057 curia
1931 3020 2052 3057 extra
2073 3020 2115 3059 et
2135 3018 2190 3059 ad
