2386 3645
1885 276 1995 317 1193

108 488 162 529 de
182 486 335 542 quibus
355 485 494 527 dictus
520 484 718 526 dominus
742 483 981 526 RoBEmUs
1001 483 1251 539 perquisivit
1268 484 1321 525 de
1347 483 1560 538 aliquibus
1586 483 1706 524 terris
1730 486 1773 525 et
1798 483 2053 525 tenementis

106 577 221 620 infra
231 576 341 618 illud
353 575 592 617 manerium
604 575 659 617 ad
674 574 1047 617 exheredacionem
1060 589 1200 616 meam
1212 574 1442 616 feofassent
1457 573 1535 616 sub
1557 580 1670 615 certa
1688 573 1826 615 forma
1844 574 2052 615 tenendis.

107 666 287 709 Noverit
307 665 560 707 universitas
579 668 719 707 vestra
740 680 807 707 me
827 665 940 707 dicto
960 665 1133 707 domino
1155 664 1368 706 Roassmo
1389 663 1614 706 heredibus
1635 664 1720 705 suis
1741 679 1814 706 seu
1830 662 2055 719 assignatis

104 757 289 813 gratiam
309 756 417 798 velle
437 755 575 798 facere
596 756 820 812 specialem
847 756 893 798 in
914 755 993 797 hac
1022 759 1143 811 parte
1165 771 1212 798 ac
1233 755 1407 797 omnino
1427 770 1503 810 pro
1534 770 1601 797 me
1633 758 1676 796 et
1705 754 1931 796 heredibus
1951 754 2056 796 meis

106 848 300 905 quietum
325 847 505 889 clamare
533 847 579 889 in
609 851 877 903 perpetuum.
956 846 1150 888 Concessi
1178 847 1316 888 eidem
1352 846 1525 888 domino
1563 845 1775 888 Romano
1806 860 1882 901 pro
1915 859 1982 887 me
2015 847 2057 886 et

106 936 332 979 heredibus
352 937 457 979 meis
477 938 591 993 quod
611 937 700 993 ipse
721 937 921 979 domiuus
942 937 1182 979 ROBERTUS
1203 940 1245 978 et
1264 936 1438 978 heredes
1459 936 1524 978 sui
1538 936 1855 992 imperpetuum
1874 934 2060 977 habeant

107 1031 150 1070 et
184 1030 359 1070 teneant
387 1029 530 1070 omnia
556 1028 746 1084 predicta
774 1031 907 1070 terras
936 1030 979 1069 et
1009 1030 1253 1070 tenementa
1285 1042 1382 1070 cum
1418 1027 1686 1082 pertinentiis
1714 1042 1796 1083 que
1825 1026 1975 1068 habuit
2009 1041 2062 1067 ex

114 1120 226 1162 dono
269 1122 311 1162 et
361 1118 624 1161 concessione
683 1120 894 1161 dictorum
954 1119 1117 1161 domini
1168 1118 1416 1162 WILLELMI
1478 1119 1531 1160 de
1591 1118 1847 1160 BREWOUSA
1897 1117 1975 1159 filii
2024 1119 2067 1158 01

111 1209 278 1251 heredis
312 1209 475 1252 domini
517 1209 546 1252 J
549 1223 749 1251 OHANNIS
793 1210 844 1251 de
880 1209 1137 1252 BREWOUSA
1170 1213 1212 1251 et
1245 1209 1409 1252 domini
1442 1209 1691 1252 Wmfflmn
1727 1210 1779 1251 de
1815 1209 2073 1251 BREWOUSA

113 1301 278 1344 domini
316 1300 561 1343 GOUHERIE
605 1301 683 1343 filii
723 1300 917 1356 ejusdem
956 1301 1120 1343 domini
1162 1300 1413 1345 WILLELMI
1455 1305 1498 1343 et
1537 1301 1699 1343 domini
1733 1300 1985 1344 WILLELm
2018 1300 2071 1342 de

115 1391 373 1434 BREWOUSA
413 1391 492 1433 filii
533 1391 726 1447 ejusdem
777 1391 939 1434 domini
981 1391 1231 1435 WILLELM1
1284 1392 1446 1434 domini
1498 1391 1743 1434 GOUHERIE
1794 1406 1841 1433 ac
1891 1390 2072 1433 aliorum

117 1483 363 1525 tenencium
390 1483 443 1525 de
470 1482 623 1538 quibus
644 1482 781 1524 dictus
814 1483 1012 1525 dominus
1046 1483 1284 1525 ROBERTUS
1311 1483 1563 1539 perquisivit
1598 1483 1651 1524 de
1680 1497 1748 1524 me
1779 1487 1822 1524 et
1852 1480 2077 1524 heredibus

118 1573 223 1616 meis
262 1588 338 1629 per
377 1573 553 1615 servicia
592 1577 636 1616 et
675 1573 1000 1616 consuetudines
1050 1589 1131 1629 que
1182 1575 1320 1617 eidem
1370 1574 1544 1616 domino
1597 1573 1855 1617 WILLELMO
1906 1572 2078 1615 domino

125 1664 371 1708 Gonnssmss
393 1665 493 1707 inde
514 1665 617 1707 fecit
637 1668 679 1707 et
700 1680 775 1720 per
796 1668 952 1707 sectam
974 1666 1029 1707 ad
1058 1665 1218 1707 curiam
1248 1681 1387 1708 meam
1415 1664 1575 1707 ibidem
1604 1666 1656 1707 de
1676 1664 1813 1708 tribus
1834 1663 2082 1720 septimanis

120 1756 167 1798 in
199 1759 285 1798 tres
317 1756 576 1811 septimanas
612 1758 655 1798 et
685 1770 761 1811 per
795 1755 1004 1798 forinseca
1036 1756 1211 1798 servicia
1251 1771 1332 1811 que
1365 1757 1419 1798 ad
1459 1756 1535 1798 illa
1569 1758 1814 1798 tenementa
1849 1750 2084 1811 pertinent(

120 1847 250 1891 Salva
276 1851 423 1890 tamen
450 1847 558 1889 mihi
585 1850 628 1889 et
658 1847 886 1890 heredibus
910 1847 1015 1890 111015
1044 1848 1288 1903 cognicione
1322 1848 1514 1890 omnium
1548 1848 1802 1904 placitorum
1837 1848 1892 1889 ad
1920 1847 2082 1889 curiam

121 1953 261 1981 meam
288 1938 341 1981 de
371 1937 658 1980 LANDYMORE
688 1938 1034 1994 contingencium
1075 1938 1267 1980 omnium
1302 1939 1546 1981 tenencium
1580 1941 1621 1980 et
1655 1938 1937 1981 residencium
1968 1937 2083 1979 infra

121 2030 298 2073 feodum
327 2044 471 2072 meum
492 2030 544 2072 de
565 2028 867 2071 LANDYMORE.
942 2028 1106 2072 Nolens
1134 2031 1248 2085 quod
1273 2029 1387 2071 idem
1415 2029 1613 2072 dominus
1640 2029 1879 2071 RossERTUs
1909 2028 2083 2071 heredes

119 2120 188 2163 sui
214 2135 290 2163 seu
317 2120 524 2177 assignati
551 2136 627 2176 per
653 2135 721 2162 me
742 2120 917 2162 heredes
943 2135 1058 2163 meos
1080 2119 1196 2177 ve[l]
1229 2120 1465 2175 assignatos
1486 2120 1629 2176 aliquo
1651 2119 1734 2162 alio
1753 2119 1881 2162 titulo
1902 2119 2078 2161 occasio-

121 2215 279 2254 nentur
311 2227 389 2253 nec
419 2211 466 2254 in
506 2211 649 2267 aliquo
684 2211 963 2254 molestentur
995 2226 1069 2253 seu
1110 2214 1353 2267 graventur.
1431 2210 1486 2253 In
1528 2210 1645 2266 cujus
1685 2211 1747 2252 rei
1785 2210 2079 2253 testimonium

121 2302 306 2359 presenti
338 2302 492 2358 scripto
518 2302 710 2358 sigillum
736 2317 881 2344 meum
910 2302 1100 2358 apposui.
1178 2302 1282 2344 Hiis
1311 2302 1492 2345 testibus
1522 2335 1530 2344 .
1563 2302 1735 2345 domino
1771 2301 1800 2344 J
1803 2315 1990 2344 OHANNE
2024 2302 2077 2343 de

121 2391 385 2435 LANGETON’
407 2393 544 2435 milite
567 2427 575 2435 .
599 2393 628 2436 J
631 2407 820 2435 OHANNE
851 2394 904 2435 de
933 2393 975 2434 la
1002 2392 1131 2435 Bam:
1155 2427 1164 2434 .
1188 2393 1394 2435 RmARDo
1414 2394 1467 2436 de
1488 2393 1670 2435 PENRES
1703 2426 1711 2435 .
1745 2392 2003 2435 WILLELMO
2025 2393 2076 2434 de

122 2482 305 2525 PENREs
339 2517 347 2525 .
384 2483 598 2525 ROBERTO
630 2484 683 2526 de
714 2484 757 2525 la
791 2483 933 2525 MARE
974 2517 981 2525 .
1024 2487 1067 2526 et
1106 2483 1254 2525 multis
1292 2484 1398 2526 aliis.

180 2574 346 2616 Datum
377 2575 493 2630 apud
526 2574 815 2616 LANDYMORE
851 2575 1048 2617 vicesimo
1089 2574 1268 2630 septimo
1308 2575 1377 2617 die
1409 2575 1566 2617 mensis
1600 2574 1764 2631 Aprilis
1799 2589 1910 2616 anno
1950 2574 2076 2630 regni

122 2663 258 2721 Regis
277 2664 504 2706 EDWARDI
525 2665 645 2708 tercii
664 2668 761 2721 post
781 2670 1058 2721 conquestum
1078 2680 1202 2708 ncnc.
