2386 3645
332 296 443 337 1270

270 502 491 544 MORGANI
524 501 630 544 GAM
660 501 805 543 fratris
844 501 1074 542 eorundem
1095 499 1315 555 patencius
1346 497 1638 549 ostendebant,
1667 497 1928 539 declarantes
1960 495 2062 537 satis
2091 494 2221 550 plane

273 595 316 635 et
336 593 520 634 dilucide
536 592 607 647 jus
627 592 815 647 ipsorum
836 591 999 633 abbatis
1030 595 1072 632 et
1104 593 1335 633 conventus
1366 590 1412 630 in
1444 589 1531 631 solo
1561 587 1856 644 prenominato
1891 585 2088 628 habendo
2125 600 2223 628 cum

272 683 540 740 indiguerint
559 682 796 738 utrobique.
860 682 977 728 Quas
998 681 1171 736 quidem
1192 684 1326 723 cartas
1348 683 1389 721 et
1420 679 1787 721 confirmacionem
1816 680 1985 719 matura
2016 676 2223 719 delibera-

274 775 392 817 cione
413 773 634 830 prehabita
656 774 868 828 predictus
889 772 1078 814 THOMAs
1098 787 1173 827 pro
1196 787 1237 813 se
1254 775 1295 813 et
1311 770 1538 812 heredibus
1554 770 1640 811 suis
1656 772 1697 811 et
1715 768 1940 824 assignatis
1958 766 2224 809 confirmavit

275 868 318 907 et
337 881 412 921 per
432 868 646 920 presentes
666 864 914 905 indenturas
934 863 1158 904 ratificavit
1179 862 1224 903 in
1246 865 1513 917 perpetuum.
1576 859 1648 902 Ita
1667 859 1864 901 videlicet
1885 859 1999 914 quod
2013 857 2225 914 predictos

276 990 285 1000 .
311 991 319 999 .
344 956 542 998 abbatem
563 960 605 998 et
626 958 880 998 conventum
901 954 946 995 in
968 953 1180 1009 premissis
1200 968 1287 994 non
1309 951 1494 1003 vexabit,
1516 966 1602 993 non
1627 951 1831 1006 impediet
1854 983 1863 992 .
1885 965 1962 992 nec
1993 950 2226 991 eorundem

274 1048 484 1104 operarios
517 1046 783 1102 perturbabit
815 1045 1176 1100 qualitercunque.
1239 1042 1427 1084 Predicti
1459 1057 1558 1084 vero
1593 1041 1722 1084 abbas
1758 1044 1801 1083 et
1836 1044 2067 1083 conventus
2100 1054 2228 1096 super

271 1138 564 1194 inparcacione
604 1136 900 1192 prenominata
940 1137 1232 1176 concesserunt
1269 1148 1345 1188 pro
1386 1148 1428 1174 se
1469 1137 1511 1174 et
1553 1131 1854 1174 successoribus
1896 1131 1982 1173 suis
2015 1131 2129 1186 quod
2151 1131 2224 1172 de-

273 1231 408 1271 cetero
449 1228 590 1270 averia
632 1261 640 1269 .
681 1242 753 1268 seu
794 1225 995 1268 animalia
1034 1224 1257 1266 hominum
1297 1223 1430 1279 ipsius
1471 1222 1638 1264 ΤΗΟΜΕ
1673 1224 1793 1264 extra
1829 1221 2068 1264 dominium
2099 1235 2226 1263 suum

273 1319 520 1362 nullatenus
540 1318 822 1373 inparcabunt
845 1351 853 1358 .
878 1319 940 1358 set
960 1316 1006 1357 in
1027 1316 1159 1371 ipsius
1180 1315 1350 1370 proprio
1373 1314 1545 1356 domino
1582 1314 1814 1356 secundum
1844 1313 1932 1355 vim
1967 1312 2150 1354 formam
2182 1315 2226 1354 et

272 1416 462 1452 tenorem
484 1412 597 1451 carte
626 1408 789 1450 domini
824 1407 1018 1448 LEISANI
1052 1406 1121 1447 avi
1155 1406 1219 1447 sui
1256 1405 1473 1460 quondam
1506 1404 1669 1446 domini
1702 1405 1755 1446 de
1781 1402 1947 1445 AVENE
1985 1418 2109 1459 super
2140 1402 2225 1444 hiis

271 1501 384 1542 edite
430 1534 438 1542 .
474 1515 602 1555 quam
636 1499 809 1554 quidem
843 1502 1001 1540 cartam
1037 1498 1175 1539 dictus
1209 1496 1400 1538 THOMAs
1434 1495 1702 1537 confirmavit
1733 1509 1807 1550 per
1841 1494 1952 1536 hanc
1987 1496 2227 1549 presentem

271 1592 545 1634 indenturam
583 1624 591 1632 .
630 1605 678 1632 ao
718 1591 897 1631 eandem
937 1589 1164 1630 ratificavit
1196 1603 1271 1643 pro
1310 1602 1352 1629 se
1388 1589 1430 1629 et
1465 1586 1692 1628 heredibus
1725 1585 1811 1627 suis
1848 1589 1890 1627 et
1923 1584 2148 1641 assignatis
2183 1586 2228 1627 et

268 1681 513 1724 hominibus
554 1682 638 1723 suis
677 1681 992 1736 inperpetuum.
1076 1679 1281 1721 Volentes
1322 1693 1374 1720 ex
1415 1681 1596 1732 utraque
1636 1680 1756 1731 parte
1797 1676 1910 1731 quod
1952 1676 1986 1718 si
2033 1675 2228 1717 homines

271 1774 458 1829 ipsorum
481 1772 646 1815 abbatis
667 1775 707 1814 et
729 1774 960 1813 conventus
980 1771 1094 1812 infra
1116 1769 1355 1811 dominium
1382 1768 1514 1824 ipsius
1545 1768 1712 1810 THOME
1745 1767 2002 1822 deliquerint
2035 1767 2229 1822 quando-

270 1880 458 1920 cunque.
476 1865 589 1919 quod
610 1863 769 1904 ibidem
794 1862 1083 1904 attachientur
1106 1895 1114 1903 .
1138 1864 1181 1902 et
1202 1860 1246 1901 in
1270 1860 1363 1916 ejus
1385 1859 1500 1901 curia
1521 1859 1754 1901 secundum
1776 1858 2062 1914 quantitatem
2082 1857 2229 1899 delicti

271 1955 517 2011 punientur.
581 1953 681 1995 Pari
702 1954 828 1995 modo
851 1953 885 1994 si
904 1952 1097 1994 homines
1118 1951 1249 2007 ipsius
1270 1950 1437 1993 THOME
1458 1950 1573 1991 infra
1593 1952 1726 1991 terras
1742 1949 1810 1991 vel
1825 1963 1999 1990 nemora
2016 1949 2227 1991 dictorum

272 2045 438 2088 abbatis
477 2048 520 2087 et
560 2047 792 2087 conventus
830 2043 1113 2086 forisfecerint
1136 2076 1144 2084 .
1168 2042 1282 2097 quod
1317 2041 1476 2083 ibidem
1509 2040 1797 2082 attachientur
1824 2039 1869 2081 in
1902 2055 2083 2095 quorum
2111 2041 2230 2082 curia

274 2137 432 2192 absque
454 2136 696 2191 calumpnia
715 2136 783 2177 vel
812 2135 1082 2177 cavillacione
1113 2136 1239 2176 erunt
1268 2132 1511 2188 responsuri
1549 2166 1557 2174 .
1596 2134 1639 2173 et
1674 2131 1906 2173 secundum
1939 2131 2228 2186 quantitatem

275 2227 421 2270 delicti
441 2242 516 2282 per
536 2227 678 2269 omnia
699 2226 918 2282 puniendi.
981 2225 1036 2266 In
1062 2225 1185 2281 cujus
1214 2224 1276 2266 rei
1306 2223 1599 2265 testimonium
1631 2224 1772 2277 partes
1804 2221 2098 2277 prenominato
2128 2220 2230 2263 huic

276 2319 462 2375 presenti
482 2318 709 2359 indenture
731 2317 872 2373 sigilla
893 2332 968 2358 sua
988 2315 1234 2358 alternatim
1260 2316 1561 2370 apposuerunt.

335 2410 500 2452 Datum
521 2410 636 2465 apud
656 2408 861 2450 MARGAN
884 2408 951 2449 die
973 2410 1014 2449 et
1036 2422 1148 2449 anno
1170 2406 1433 2461 supradictis.

335 2500 630 2541 Endorsed——‘
649 2498 882 2554 Reparaeio
904 2498 1038 2539 walde
1069 2497 1195 2553 juxta
1226 2495 1473 2539 Oormershe
1507 2498 1549 2537 et
1576 2493 1874 2537 Noumershe.'
1939 2492 2150 2536 ‘Thomas
2177 2493 2232 2536 de

277 2591 420 2644 Avon,
447 2590 585 2633 1349.'

339 2682 448 2735 SeaL
470 2683 546 2724 red
565 2697 672 2733 wax,
695 2681 1003 2737 fragmentary,
1028 2680 1112 2733 gin.
1175 2679 1218 2721 A
1239 2679 1375 2722 shield
1397 2678 1443 2721 of
1459 2693 1571 2720 arms
1589 2692 1598 2719 ε
1631 2676 1749 2719 three
1771 2676 1986 2729 chevrons,
2009 2691 2034 2718 a
2053 2675 2166 2718 label
2185 2674 2234 2718 of

281 2789 326 2815 as
346 2789 478 2828 many
500 2773 641 2829 points
661 2773 707 2814 in
728 2772 852 2814 chief.
913 2771 1086 2815 Within
1104 2786 1129 2812 a
1151 2770 1307 2813 Gothic
1327 2769 1470 2812 trefoil
1490 2768 1632 2825 panel‚
1667 2767 1946 2810 ornamented
1980 2766 2087 2809 with
2121 2766 2234 2809 ball-

278 2864 440 2906 flowers
461 2864 590 2920 along
610 2863 683 2906 the
704 2863 828 2905 inner
848 2864 970 2919 edge.

932 2958 942 2976 ⁴
947 2986 1198 2997 ........
1222 2967 1250 2995 E
1274 2986 1282 2995 .
1306 2966 1364 2994 DE
1390 2985 1398 2994 .
1422 2950 1605 2993 AVENE.'
