2386 3645
1895 297 2006 339 1217

117 491 368 548 largiciones
387 494 431 533 et
450 491 535 533 alia
564 491 734 546 pietatis
763 506 890 547 opera
917 506 999 547 que
1028 492 1075 534 in
1101 492 1269 548 prefata
1300 493 1471 537 abbatia
1501 499 1645 539 nostra
1679 498 1731 539 de
1766 498 1968 542 MARGAN
2004 502 2060 544 ad

118 582 321 625 honorem
359 580 445 623 Dei
483 581 683 624 continue
723 584 993 624 excercentur
1035 615 1044 625 .
1082 597 1159 639 pro
1199 584 1334 626 salute
1374 585 1515 628 anime
1553 589 1694 629 nostre
1733 591 1776 630 et
1814 603 1889 644 pro
1928 591 2062 634 salute

119 671 358 714 animarum
386 672 520 727 patris
549 672 684 714 nostri
715 675 759 714 et
792 672 942 715 matris
975 676 1117 716 nostre
1156 674 1469 717 antedictorum
1510 709 1518 718 .
1560 691 1608 719 ac
1646 677 1779 721 eciam
1812 694 1888 735 pro
1929 681 2063 724 salute

112 762 358 805 animarum
378 762 570 805 omnium
590 769 901 806 antecessorum
920 766 963 806 et
983 779 1266 807 successorum
1295 768 1536 809 nostrorum
1563 767 1758 811 dedimus
1789 755 2065 815 concessimus

118 856 162 896 et
201 853 279 896 hoc
317 855 510 909 presente
550 853 704 909 scripto
744 856 887 896 nostro
928 854 1273 898 confirmavimus
1313 871 1390 912 pro
1429 856 1552 900 nobis
1583 861 1626 900 et
1656 858 1881 903 heredibus
1911 865 2065 905 nostris

116 945 164 987 in
203 947 453 1000 perpetuam
493 944 766 987 elemosinam
805 948 848 987 et
886 960 1038 1001 puram
1080 980 1089 988 .
1132 961 1277 989 omnes
1317 948 1570 992 donaciones
1606 982 1615 991 .
1659 951 1941 994 concessiones
1978 986 1987 995 .
2025 957 2068 997 et

118 1035 461 1080 confirmaciones
516 1036 728 1092 predictas
778 1038 1011 1079 secundum
1060 1042 1251 1080 tenorem
1295 1043 1508 1082 cartarum
1557 1041 1843 1096 predictarum
1891 1043 1986 1087 Deo
2024 1048 2067 1087 et

113 1126 286 1170 ecclesie
308 1125 360 1168 B.
384 1125 447 1169 M.
471 1127 523 1169 de
545 1126 750 1169 MARGAN
781 1131 824 1170 et
851 1143 907 1170 m.
937 1128 964 1170 i.
999 1127 1054 1170 D.
1079 1144 1109 1170 s.
1155 1162 1163 1171 .
1205 1128 1359 1172 liberas
1389 1133 1431 1172 et
1466 1131 1630 1186 quietas
1661 1132 1715 1175 ab
1742 1134 1859 1176 omni
1893 1136 2068 1177 seculari

117 1217 292 1260 servicio
311 1251 320 1259 .
343 1217 649 1260 consuetudine
670 1220 713 1259 et
733 1218 946 1260 demanda
967 1219 1253 1275 qualicunque
1274 1220 1320 1261 in
1339 1224 1605 1277 perpetuum.
1649 1222 1812 1266 Ratum
1833 1227 1876 1267 et
1896 1230 2068 1282 gratum

117 1307 322 1351 habentes
343 1323 420 1364 pro
440 1308 562 1351 nobis
585 1311 628 1351 et
643 1308 869 1351 heredibus
888 1309 1043 1352 nostris
1063 1309 1110 1352 in
1131 1313 1385 1366 perpetuum
1405 1312 1607 1368 quicquid
1642 1314 1688 1356 in
1715 1316 1915 1371 predictis
1946 1317 2071 1360 cartis

117 1400 389 1442 dominorum
410 1399 615 1442 Romam
637 1403 680 1442 et
702 1399 952 1443 WILLELMI
975 1400 1053 1443 filii
1073 1400 1167 1457 ejus
1198 1402 1362 1444 comitis
1393 1402 1702 1447 GLOUCESTRIE
1735 1439 1744 1447 .
1777 1421 1824 1448 ac
1860 1407 1992 1450 eciam
2024 1408 2071 1450 in

117 1490 244 1533 cartis
263 1491 553 1546 predictorum
573 1490 795 1533 MORGANI
827 1491 906 1533 filii
937 1491 1164 1534 GARADOCI
1196 1496 1239 1535 et
1268 1492 1460 1536 LEISANI
1491 1494 1570 1537 filii
1598 1495 1791 1551 ejusdem
1826 1498 1993 1553 plenius
2026 1504 2069 1542 et

117 1581 292 1624 liberius
312 1581 565 1624 continetur.
629 1581 983 1625 confirmavimus
1003 1584 1175 1639 insuper
1195 1598 1271 1639 pro
1291 1584 1412 1627 nobis
1431 1588 1474 1627 et
1494 1585 1719 1629 heredibus
1747 1589 1902 1631 nostris
1930 1589 2070 1646 inqui-

122 1672 318 1716 sitionem
360 1673 658 1729 supradictam.
721 1674 793 1716 Ita
832 1673 959 1729 plane
999 1675 1113 1730 quod
1162 1675 1428 1731 supradictus
1473 1676 1603 1720 abbas
1653 1679 1705 1721 de
1754 1679 1959 1723 MARGAN
1995 1685 2071 1724 aut

118 1779 370 1808 successores
399 1764 595 1821 ejusdem
622 1765 779 1808 nullibi
807 1767 1090 1822 respondeant
1122 1766 1206 1809 nisi
1238 1767 1284 1809 in
1316 1769 1520 1811 comitatu
1550 1770 1603 1812 de
1639 1770 1854 1814 KAERDIF
1881 1775 2070 1816 tantum-

118 1856 244 1898 modo
266 1856 318 1898 de
339 1855 535 1898 omnibus
554 1856 678 1899 terris
699 1860 740 1899 et
760 1857 1016 1899 tenementis
1047 1856 1132 1900 suis
1163 1858 1209 1900 in
1245 1858 1433 1902 dominio
1460 1864 1603 1903 nostro
1630 1862 1683 1903 de
1709 1861 2070 1907 GLAMORGANCIA

118 1946 362 2002 ubicunque
402 1949 445 1990 et
484 1946 836 2003 qualitercunque
877 1948 1157 1991 existentibus
1194 1948 1240 1990 in
1280 1952 1545 2005 perpetuum.
1609 1951 1752 1998 Quare
1792 1954 1986 1997 volumus
2026 1958 2069 1998 et

118 2038 374 2094 precipimus
409 2042 459 2081 ut
488 2039 666 2095 predicti
699 2039 895 2082 monachi
927 2039 1112 2082 habeant
1137 2043 1180 2082 et
1214 2044 1389 2084 teneant
1420 2043 1564 2084 omnia
1595 2044 1836 2100 supradicta
1862 2045 1992 2088 libere
2025 2050 2068 2089 et

119 2129 261 2185 quiete
281 2129 449 2186 integre
471 2133 513 2172 et
533 2130 721 2186 plenarie
741 2130 786 2173 in
807 2130 931 2173 bosco
952 2134 993 2173 et
1014 2131 1142 2187 plano
1162 2132 1207 2174 in
1229 2132 1308 2174 viis
1338 2136 1380 2174 et
1410 2133 1570 2176 semitis
1596 2135 1642 2177 in
1676 2136 1797 2191 aquis
1829 2140 1872 2179 et
1906 2138 2067 2180 molen-

118 2220 232 2263 dinis
251 2221 486 2263 invivariis
506 2226 548 2263 et
570 2221 733 2277 stagnis
753 2222 799 2264 in
820 2222 949 2264 moris
977 2222 1023 2264 in
1052 2223 1240 2265 mariscis
1258 2223 1304 2265 in
1334 2224 1534 2267 turbariis
1563 2229 1606 2268 et
1634 2226 1823 2281 piscariis
1851 2228 1896 2270 in
1928 2229 2061 2284 pratis

112 2315 162 2354 et
195 2312 378 2367 pasturis
418 2316 460 2355 et
492 2313 538 2354 in
574 2313 770 2356 omnibus
801 2314 895 2356 aliis
935 2314 1195 2357 aisiamentis
1234 2318 1277 2357 et
1315 2315 1458 2358 liberis
1490 2318 1864 2361 consuetudinibus
1899 2321 1984 2362 suis
2018 2321 2064 2363 in

116 2406 381 2459 perpetuum.
444 2403 499 2445 In
521 2405 639 2459 cujus
673 2405 735 2447 rei
755 2405 1047 2448 testimonium
1078 2405 1269 2461 sigillum
1294 2407 1538 2450 cancellarie
1570 2414 1710 2452 nostre
1745 2410 1844 2452 huic
1877 2413 2064 2467 presenti

117 2494 273 2550 scripto
293 2495 496 2536 duximus
516 2496 832 2550 apponendum.

174 2584 341 2627 Datum
360 2585 402 2627 in
427 2589 562 2628 castro
591 2589 735 2628 nostro
766 2587 818 2629 de
848 2585 1079 2628 Kfflmmv’
1108 2602 1220 2630 nono
1260 2588 1329 2630 die
1368 2590 1524 2632 mensis
1564 2589 1757 2634 Octobris
1794 2607 1907 2635 anno
1941 2594 2062 2649 regni

117 2674 252 2733 Regis
281 2676 508 2719 EnwARm
539 2677 655 2719 tertii
684 2681 780 2733 post
809 2681 1086 2733 conquestum
1116 2679 1375 2722 duodecimo.
1438 2680 1562 2722 Teste
1593 2696 1660 2723 me
1695 2682 1785 2737 ipso
1815 2717 1822 2724 .
1861 2687 1904 2725 et
1930 2684 2062 2728 eciam

118 2767 350 2810 venerabili
381 2767 427 2810 in
458 2767 654 2811 Cnmsm
683 2775 803 2825 patre
833 2769 1006 2812 domino
1046 2770 1266 2812 JOHANNE
1307 2772 1359 2814 de
1389 2771 1735 2829 EGL1sK[L]EUE
1766 2774 2065 2819 LANDAVENSI

117 2858 310 2914 episcopo
333 2892 342 2901 .
364 2859 570 2915 magistro
602 2859 809 2902 RmARDo
840 2861 893 2902 de
923 2860 1135 2903 HALTON'
1169 2865 1272 2903 tunc
1306 2862 1498 2918 ejusdem
1536 2863 1704 2906 ecclesie
1737 2865 2030 2908 archidiacono
2054 2900 2062 2909 .

117 2949 290 2991 domino
323 2949 554 2992 G1LBERTO
585 2951 637 2993 de
670 2950 939 2995 WYGETONE
976 2984 985 2993 .
1023 2952 1196 2995 domino
1228 2952 1448 2995 JOHANNE
1484 2954 1536 2995 de
1568 2954 1780 2997 MmroNn
1819 2989 1827 2997 .
1863 2957 2067 3012 magistro

119 3038 325 3082 RicARno
366 3041 418 3083 de
459 3040 630 3083 Srossns
673 3075 682 3083 .
725 3042 938 3085 canonicis
976 3046 1208 3085 memorate
1248 3044 1416 3086 ecclesie
1458 3078 1466 3087 .
1509 3046 1682 3088 domino
1728 3046 1981 3090 WILLELMO
2014 3050 2068 3091 de

323 3181 386 3214 Tc
