2386 3645
316 261 428 303 1216

320 467 337 476 ιν

315 479 354 508 o.
415 465 652 509 Comitatus
692 467 744 508 de
786 464 1022 509 GLAMORG'
1057 467 1201 507 tentus
1236 464 1305 507 die
1337 464 1472 507 LUNE
1504 463 1698 520 proxima
1731 467 1830 506 ante
1856 463 2022 506 -festum
2054 462 2202 506 Sancti

258 555 517 599 LAURENcn
538 571 650 600 anno
670 556 794 613 regni
816 555 950 612 Regis
970 555 1197 598 EnwARm
1218 554 1295 597 filii
1318 554 1452 609 Regis
1472 554 1678 596 HEchI
1699 554 1897 596 vicesimo
1927 553 2105 609 septimo
2129 588 2137 595 .
2161 555 2205 595 et

254 662 367 690 anno
387 647 690 690 incarnationis
710 646 918 689 dominice
938 646 1162 688 millesimo
1187 645 1475 687 ducentesimo
1507 677 1516 686 .
1549 644 1824 700 nonagesimo
1856 658 1969 686 nono
2003 677 2012 686 .
2048 642 2201 686 Coram

252 737 425 780 domino
446 737 632 779 SYMONE
653 738 705 780 de
726 737 923 779 RALEGH
953 740 1055 778 tunc
1086 735 1329 778 vicecomite
1357 736 1409 777 de
1441 733 1744 777 GLAMORGAN’
1780 737 1824 776 et
1855 748 1995 776 coram
2027 733 2200 776 consilio

255 828 416 870 domini
438 829 602 871 comitis
622 828 818 870 videlicet
839 828 1011 870 domino
1033 826 1247 869 Rossssmo
1268 827 1321 867 de
1350 826 1393 867 la
1426 824 1609 868 WARDE
1645 858 1653 866 .
1692 824 1864 866 domino
1895 824 2115 867 JOHANNE
2149 825 2201 867 de

254 918 410 961 Sancto
431 918 460 962 J
463 933 650 961 OHANNE
671 918 839 975 juniore
863 952 871 960 .
896 918 1067 960 domino
1084 916 1271 958 RooERo
1287 916 1374 958 filio
1392 930 1466 957 suo
1489 949 1497 957 .
1521 915 1693 957 domino
1709 914 1922 956 Romano
1940 916 1992 957 de
2008 914 2200 957 HALKE-

252 1024 367 1051 TONE
391 1043 399 1051 .
423 1009 595 1051 domino
628 1008 831 1051 HUGONE
868 1009 921 1050 de
957 1007 1112 1050 Sancto
1147 1005 1367 1048 JOHANNE
1405 1039 1414 1047 .
1450 1005 1621 1047 domino
1658 1005 1871 1047 Rommo
1906 1005 2165 1048 BARDULPH
2189 1039 2198 1048 .

250 1100 424 1143 domino
456 1100 669 1142 Romamn
702 1100 754 1142 de
790 1098 1043 1142 GRENDONE
1079 1096 1289 1139 militibus
1321 1130 1330 1138 .
1362 1096 1569 1153 magistro
1605 1095 1774 1138 ΤΗΟΜΑ
1810 1097 1863 1138 de
1896 1095 2199 1139 PULESDONE.

250 1190 454 1246 magistro
476 1190 689 1232 HEcho
710 1190 762 1231 de
782 1188 1066 1231 LANCARVAN
1091 1221 1100 1230 .
1124 1188 1296 1230 domino
1318 1187 1532 1230 Romano
1554 1187 1606 1229 (16
1629 1185 1942 1229 CHENYNTONE
1981 1220 1989 1229 .
2029 1187 2201 1230 domino

249 1281 280 1324 J
283 1296 470 1323 OHANNE
493 1282 544 1323 de
566 1280 752 1323 BRUGES
775 1312 783 1321 .
807 1272 979 1323 cleiicis.

308 1372 422 1418 Quia
442 1375 557 1415 totus
577 1371 802 1414 comitatus
821 1373 1001 1412 testatur
1030 1370 1145 1426 quod
1174 1368 1304 1412 abbas
1335 1370 1387 1411 de
1420 1369 1625 1411 MARGAN
1658 1371 1776 1411 tenet
1812 1372 1854 1411 et
1884 1369 2026 1412 tenuit
2057 1384 2202 1412 omnes

249 1466 382 1506 terras
417 1466 460 1505 et
492 1464 736 1504 tenementa
767 1476 844 1503 sua
875 1461 928 1503 de
961 1460 1166 1503 comitatu
1200 1461 1253 1502 de
1287 1459 1503 1502 KAmsz
1539 1459 1585 1502 in
1621 1459 1758 1515 capite
1796 1494 1804 1501 .
1843 1459 1905 1502 Et
1937 1460 2051 1515 quod
2085 1460 2200 1503 idem

247 1554 377 1597 abbas
407 1553 678 1609 respondebit
707 1553 754 1594 in
789 1552 995 1594 comitatu
1030 1553 1083 1594 de
1110 1551 1328 1594 KAERDIF
1356 1554 1399 1593 et
1430 1566 1517 1593 non
1545 1550 1649 1593 alibi
1683 1552 1736 1593 de
1772 1550 1969 1594 omnibus
2000 1551 2124 1594 terris
2158 1555 2201 1594 et

245 1644 500 1687 tenementis
520 1644 606 1686 suis
625 1643 825 1699 predictis
859 1676 867 1684 .
897 1642 959 1685 Et
991 1643 1107 1698 quod
1137 1642 1325 1684 famulus
1361 1642 1585 1685 comitatus
1613 1642 1665 1684 de
1695 1641 1926 1684 KAERDIF’
1956 1642 2199 1698 quicunque

245 1736 377 1779 fuerit
397 1736 525 1778 faciet
546 1735 730 1778 officium
751 1734 1008 1777 coronatoris
1028 1733 1185 1790 ubique
1206 1749 1281 1790 per
1301 1736 1437 1776 totam
1457 1736 1615 1775 terram
1636 1732 1801 1775 abbatis
1821 1733 1874 1775 de
1894 1733 2102 1776 MARGAN
2125 1768 2133 1776 .
2158 1736 2201 1777 et

246 1827 391 1870 nullus
429 1826 549 1869 alius.
613 1825 937 1868 Consideratum
977 1828 1040 1868 est
1078 1840 1154 1881 per
1193 1826 1377 1867 eundem
1418 1825 1667 1866 comitatum
1706 1824 1822 1880 quod
1863 1823 2093 1867 TRAHARN
2124 1824 2199 1867 Du

244 1917 436 1961 bodellus
475 1919 528 1960 de
568 1917 799 1960 TIRIALTH
841 1917 915 1972 qui
955 1916 1057 1959 fecit
1097 1916 1237 1959 visum
1277 1915 1534 1958 coronatoris
1567 1916 1619 1958 de
1654 1914 1880 1957 PHILIPPO
1916 1915 2086 1958 SPARK'
2124 1916 2198 1972 qui

246 2024 469 2066 oppressus
488 2008 574 2051 fuit
590 2008 636 2051 in
658 2008 1018 2051 COMBKENEFEG'
1039 2008 1086 2050 in
1106 2007 1230 2050 bosco
1250 2007 1430 2063 predicti
1452 2006 1616 2049 abbatis
1637 2007 1711 2062 qui
1732 2009 1795 2049 est
1815 2006 1930 2048 infra
1951 2007 2200 2050 comitatum

245 2101 291 2144 in
312 2099 598 2157 prejudicium
619 2099 844 2142 comitatus
863 2099 1042 2155 predicti
1065 2133 1074 2141 .
1098 2098 1172 2154 qui
1193 2099 1248 2140 ad
1266 2098 1346 2140 hoc
1366 2113 1453 2140 non
1474 2097 1559 2139 fuit
1580 2098 1810 2153 deputatus
1829 2112 1907 2139 nec
1928 2097 2170 2154 assignatus
2188 2133 2196 2140 .

246 2191 509 2234 custodiatur
528 2191 574 2232 in
594 2190 777 2247 prisona.
838 2190 895 2233 In
917 2190 1040 2247 cujus
1059 2190 1121 2232 rei
1141 2190 1433 2232 testimonium
1454 2187 1721 2245 presentibus
1741 2188 1939 2231 dominus
1971 2188 2127 2232 SYMON
2149 2191 2202 2233 de

247 2284 444 2328 RALEGH
474 2286 578 2325 tunc
608 2282 838 2325 vicecomes
868 2282 920 2324 de
954 2281 1192 2325 GLAMORG’
1227 2315 1235 2324 .
1263 2281 1456 2338 sigillum
1490 2296 1616 2323 suum
1650 2280 1847 2336 apposuit
1886 2313 1894 2322 .
1929 2283 1972 2322 et
2005 2280 2203 2324 dominus

247 2374 488 2418 JOHANNES
531 2373 572 2415 16
616 2372 817 2416 WALEYS
856 2372 979 2415 miles
1013 2407 1021 2415 .
1060 2373 1347 2416 WILLELMUS
1387 2372 1440 2414 de
1480 2371 1786 2414 BERKEROLES
1829 2404 1837 2412 .
1881 2370 2123 2414 JOHANNES
2162 2372 2202 2415 le

247 2465 464 2512 NORREYS
498 2499 506 2507 .
545 2464 787 2507 JOHANNES
827 2465 880 2506 de
920 2463 1206 2507 WYNCESTRE
1244 2499 1251 2506 .
1288 2463 1521 2506 RmAans
1561 2463 1613 2505 de
1652 2461 1879 2505 NERBERD
1915 2495 1923 2503 .
1966 2461 2115 2505 LUcAs
2149 2463 2202 2506 de

247 2556 411 2599 BARRY
434 2589 443 2597 .
467 2555 720 2598 Pmmpns
741 2554 858 2598 800ss
880 2589 888 2597 .
913 2555 1069 2597 DAvn)
1100 2553 1311 2597 BASSETT'
1338 2589 1345 2596 .
1369 2554 1603 2596 RmARsz
1634 2552 1829 2595 SYWARD
1867 2585 1876 2594 .
1912 2551 2200 2596 WILLELMUS

250 2647 454 2691 WALLOT
477 2681 484 2689 .
511 2646 753 2689 JOHANNES
771 2646 811 2688 le
831 2645 1045 2688 Bormum
1079 2680 1088 2689 .
1120 2645 1361 2688 Rossmrns
1397 2646 1449 2687 de
1484 2644 1694 2687 CANTELO
1732 2677 1740 2686 .
1775 2642 1955 2685 Pmms
1989 2644 2042 2686 de
2076 2643 2199 2687 Lm:

251 2752 396 2783 HASQE
420 2770 428 2779 .
451 2736 615 2779 AARON
637 2736 838 2779 APOWEL
864 2770 871 2778 .
895 2739 997 2780 tunc
1017 2736 1199 2780 ballivus
1222 2736 1446 2779 comitatus
1466 2735 1512 2777 in
1531 2734 1823 2778 testimonium
1845 2734 2040 2777 similiter
2060 2735 2202 2791 sigilla

252 2844 328 2872 sua
347 2830 647 2884 apposuerunt.

309 2919 370 2962 Et
389 2933 466 2961 nos
486 2933 584 2960 vero
604 2918 818 2974 predictus
838 2917 979 2960 Hueo
999 2918 1039 2960 le
1059 2918 1330 2961 DESPENSER
1369 2951 1377 2959 .
1411 2916 1524 2959 filius
1560 2919 1602 2958 et
1635 2915 1754 2958 heres
1789 2915 1952 2957 domini
1988 2914 2203 2959 Hucoms

248 3011 289 3053 le
310 3008 579 3052 DESPENSER
600 3011 642 3050 et
661 3008 832 3051 domine
853 3009 1096 3051 ALIANORE
1117 3008 1320 3052 consortis
1342 3023 1414 3050 sue
1435 3006 1747 3049 considerantes
1766 3005 1859 3061 pias
1875 3005 2201 3049 elemosinarum
