2386 3645
308 300 420 341 1446

1043 504 1390 548 MLXXXVII.

240 613 613 658 SUGOESSIVE
672 613 874 656 LEASE
933 612 1057 655 FOR
1121 612 1306 656 LIVES
1367 611 1455 655 BY
1533 610 1879 654 LAURENOE
1954 610 2191 654 BERKE-

385 705 640 758 ROLLES,
683 704 852 748 LORD
894 704 972 746 OF
1015 703 1279 756 COITIFF,
1330 702 1407 745 ΤΟ
1450 701 1769 746 NIGHOLAS
1810 701 2014 745 SONDE
2055 701 2191 745 AND

383 797 631 841 OTHERS
683 797 761 840 OF
811 797 854 839 A
905 794 1240 838 MESSUAGE
1297 793 1432 837 AND
1491 793 1700 836 LANDS
1751 793 1823 836 IN
1873 792 2193 836 MERTHYR

382 888 585 931 MAUR.

1092 942 1167 999 [e.
1192 942 1244 985 e.
1268 941 1344 999 rt]

1362 1035 1418 1075 29
1449 1033 1578 1076 SEPT.
1641 1034 1667 1075 3
1699 1033 1823 1076 HEN.
1857 1033 1940 1076 IV.
2004 1034 2129 1076 1401.

293 1145 391 1188 Hec
421 1146 651 1187 indentura
677 1143 790 1185 facta
821 1142 889 1184 die
920 1141 1101 1185 Veneris
1130 1142 1176 1182 in
1206 1141 1315 1183 festo
1346 1140 1493 1183 Sancti
1523 1141 1784 1183 MICHAELIS
1812 1141 2057 1197 archangeli
2079 1155 2192 1183 anno

232 1237 356 1292 regni
394 1236 528 1292 Regis
561 1235 768 1277 HENRICI
811 1233 952 1289 quarti
991 1236 1087 1288 post
1128 1235 1407 1287 conquestum
1446 1232 1575 1273 tercio
1615 1234 1796 1274 testatur
1836 1232 1951 1286 quod
1993 1231 2192 1274 dominus

231 1326 527 1369 LAURENCIUS
561 1324 856 1367 BERKEROLE’
890 1324 1088 1366 dominus
1118 1324 1170 1365 de
1203 1323 1358 1365 Oomr
1389 1322 1570 1364 tradidit
1600 1323 1801 1364 concessit
1829 1325 1871 1365 et
1901 1322 1980 1364 hoc
2002 1322 2190 1378 presenti

231 1419 386 1474 scripto
418 1433 492 1460 suo
524 1416 792 1459 confirmavit
822 1415 1062 1458 NICHOLAO
1091 1414 1242 1457 SONDE
1266 1448 1274 1456 .
1298 1413 1521 1456 ISABELLE
1555 1412 1716 1455 PAYNE
1745 1414 1869 1455 uxori
1891 1428 1963 1456 sue
1987 1448 1994 1455 .
2022 1413 2190 1455 ΤΗΟΜΕ

231 1509 382 1552 Somm
407 1544 414 1551 .
439 1509 468 1552 J
472 1523 659 1550 OHANNE
680 1507 767 1549 filio
788 1507 882 1563 ejus
905 1540 913 1549 .
937 1510 980 1548 et
1001 1506 1291 1548 MARGARETE
1309 1505 1460 1548 SONDE
1482 1505 1568 1547 filie
1589 1505 1691 1546 dicti
1714 1504 1945 1547 NICHOLAI
1963 1506 2192 1548 successive

229 1601 285 1643 ad
314 1600 547 1642 terminum
567 1599 653 1642 vite
675 1613 822 1641 eorum
843 1600 971 1653 prout
991 1597 1180 1640 seriatim
1201 1597 1480 1639 nominantur
1508 1611 1645 1639 unum
1675 1596 1960 1652 messuagium
1984 1611 2080 1638 cum
2095 1611 2189 1652 per-

232 1691 429 1733 tinenciis
452 1691 668 1745 quondam
690 1689 895 1731 HENRICI
914 1689 1093 1731 POTTER
1108 1688 1252 1744 jacens
1267 1688 1394 1744 juxta
1415 1687 1670 1730 cimiterium
1692 1688 1744 1729 de
1758 1687 2125 1730 MARTHELMAUR
2145 1688 2190 1730 in

231 1785 352 1839 parte
373 1782 570 1825 orientali
588 1797 597 1833 3
631 1796 679 1823 ac
701 1780 834 1823 eciam
855 1795 928 1822 sex
949 1795 1065 1822 acras
1081 1783 1191 1822 terre
1208 1794 1304 1821 cum
1321 1779 1406 1822 suis
1426 1779 1701 1834 pertinenciis
1721 1780 1938 1834 quondam
1960 1778 1989 1821 J
1992 1793 2191 1821 OHANNIS

234 1873 517 1916 BAWDEWYN
539 1873 584 1913 in
605 1871 804 1927 parochia
824 1872 876 1913 de
897 1869 1276 1913 MARTHELMAUR’
1298 1871 1412 1912 unde
1439 1870 1628 1925 quinque
1649 1884 1742 1912 acre
1764 1870 1892 1912 simul
1911 1869 2056 1924 jacent
2075 1870 2192 1912 inter

232 1967 419 2007 veterem
441 1963 697 2005 PORTEWEY
719 1965 761 2004 et
781 1977 936 2004 novam
958 1962 1216 2004 PORTEWEY
1236 1964 1280 2003 et
1299 1976 1386 2003 una
1414 1976 1510 2003 acra
1531 1961 1642 2002 dicte
1662 1963 1773 2003 terre
1792 1960 1905 2016 jacet
1926 1962 2040 2016 apud
2061 1961 2190 2003 finem

226 2056 279 2097 de
301 2055 617 2097 LANGEDOUNE
638 2055 684 2095 in
708 2056 828 2109 parte
859 2053 1110 2096 occidentali
1141 2053 1225 2094 alte
1256 2052 1334 2094 vie.
1398 2051 1666 2094 Habendum
1697 2054 1739 2093 et
1769 2052 2010 2093 tenendum
2042 2052 2188 2093 omnia

235 2146 425 2203 predicta
456 2146 696 2202 messuagia
727 2148 770 2188 et
799 2148 933 2187 terras
963 2160 1060 2187 cum
1090 2145 1176 2186 suis
1215 2144 1488 2199 pertinenciis
1524 2143 1648 2185 dictis
1687 2142 1927 2185 NICHOLAO
1968 2143 2190 2185 ISABELLE

236 2236 404 2279 ΤΗΟΜΕ
435 2236 464 2278 J
467 2250 643 2278 OHANNr
675 2238 715 2277 et
747 2235 1037 2277 MARGARETE
1069 2235 1296 2277 successive
1326 2235 1381 2276 ad
1411 2235 1643 2276 terminum
1673 2233 1760 2275 vite
1790 2249 1936 2275 eorum
1966 2234 2034 2275 vel
2064 2234 2193 2275 unius

236 2342 382 2370 eorum
404 2327 566 2369 diutius
588 2326 770 2368 viventis
790 2328 918 2382 prout
942 2326 1130 2368 seriatim
1159 2325 1438 2367 nominantur
1467 2324 1598 2367 libere
1629 2329 1672 2366 et
1701 2324 1746 2366 in
1777 2339 1890 2380 pace.
1954 2324 2191 2368 Reddendo

231 2419 331 2461 inde
354 2418 577 2460 annuatim
599 2417 711 2459 dicto
733 2417 906 2459 domino
926 2416 1195 2459 LAURENGIO
1216 2421 1259 2459 et
1279 2415 1505 2458 heredibus
1528 2416 1613 2457 suis
1643 2419 1728 2457 tres
1759 2416 1913 2458 solidos
1943 2417 1998 2457 ad
2030 2416 2188 2458 festum

233 2509 380 2552 Sancti
399 2508 660 2550 MmHAEms
676 2523 752 2564 pro
767 2508 963 2550 omnibus
981 2543 989 2550 .
1009 2508 1136 2550 salvis
1152 2511 1264 2550 secta
1280 2507 1393 2549 curie
1409 2522 1483 2562 per
1499 2506 1798 2548 rationabilem
1815 2506 2191 2549 summonicionem

238 2600 324 2658 [et]
349 2615 435 2642 uno
466 2600 648 2642 herietto
679 2604 773 2655 post
794 2601 1011 2642 decessum
1034 2599 1263 2655 cujuslibet
1283 2598 1481 2640 tenentis.
1544 2597 1604 2640 Et
1625 2598 1660 2639 si
1682 2598 1819 2639 dictus
1839 2597 2032 2639 redditus
2053 2604 2190 2640 aretro

232 2691 365 2734 fuerit
385 2693 431 2732 in
452 2693 572 2746 parte
594 2690 662 2732 vel
682 2690 729 2732 in
750 2692 839 2732 toto
861 2693 964 2732 tunc
984 2690 1091 2732 bene
1111 2690 1236 2732 liceat
1257 2689 1372 2731 dicto
1394 2688 1566 2731 domino
1598 2687 1864 2730 LAURENCIO
1895 2690 1937 2730 et
1966 2687 2192 2731 heredibus

233 2783 319 2826 suis
339 2783 382 2824 in
406 2781 605 2838 predictis
626 2781 856 2837 mesuagiis
877 2784 918 2824 et
934 2781 1057 2823 terris
1073 2781 1326 2837 distringere
1343 2782 1386 2822 et
1402 2779 1687 2822 districciones
1702 2779 1884 2821 retinere
1898 2794 2116 2834 quousque
2133 2779 2194 2822 eis

228 2873 417 2930 plenarie
448 2872 580 2915 fuerit
611 2872 889 2915 satisfactum.
951 2872 1012 2914 Et
1042 2887 1125 2915 non
1159 2871 1303 2914 licebit
1333 2871 1457 2913 dictis
1487 2870 1725 2914 NICHOLAO
1757 2870 1979 2912 ISABELLE
2020 2869 2188 2912 ΤΗΟΜΕ

233 2965 263 3008 J
266 2978 443 3007 oHANNI
466 2966 509 3006 et
532 2963 822 3006 MARGARETE
843 2979 919 3006 nec
941 2964 1068 3006 alicui
1090 2979 1235 3006 eorum
1256 2964 1370 3005 dicta
1400 2963 1641 3019 messuagia
1662 2965 1705 3004 et
1735 2965 1868 3004 terras
1897 2962 1943 3004 in
1974 2964 2094 3017 parte
2124 2962 2193 3004 vel

231 3055 278 3098 in
298 3058 389 3097 toto
412 3055 597 3096 alienare
618 3069 696 3097 nec
716 3058 877 3097 statum
902 3055 1003 3096 inde
1033 3054 1172 3097 facere
1202 3055 1292 3097 sine
1322 3054 1495 3095 licencie
1526 3053 1630 3096 dicti
1661 3052 1824 3095 domini
1855 3051 2116 3094 LAURENCII
2148 3055 2191 3094 et
