2386 3645
255 233 367 275 1282

196 440 491 482 convencionis
541 442 847 484 summonitum
896 442 982 485 fuit
1030 443 1143 487 inter
1192 459 1261 487 eos
1301 444 1348 486 in
1389 445 1537 487 eodem
1586 445 1792 487 comitatu
1840 446 1996 489 scilicet
2036 449 2151 503 quod

199 530 413 586 predictus
451 530 481 573 J
483 545 693 574 OHANNES
735 533 848 575 fflius
884 533 1090 576 ROB-mm
1126 535 1178 577 de
1219 535 1402 578 PENREs
1437 536 1586 578 militis
1627 536 1874 592 recognovit
1914 538 2154 580 manerium

198 621 436 678 predictum
476 626 518 664 et
554 624 877 667 advocacionem
912 626 1079 668 ecclesie
1112 626 1299 681 predicte
1333 642 1428 669 cum
1465 627 1735 683 pertinentiis
1770 642 1856 670 esse
1888 628 1959 683 jus
1991 628 2155 683 predio-

198 715 341 755 torum
362 713 558 756 RmARm
580 715 695 756 dela
715 715 854 757 MARE
890 720 933 758 et
966 715 1215 759 WILLELMI
1246 718 1285 759 le
1315 718 1566 760 FERENCHE
1599 721 1649 760 ut
1680 718 1756 760 illa
1793 734 1874 774 que
1906 718 2066 761 habent
2101 734 2154 761 ex

202 802 296 858 ejus
335 804 446 846 dono
486 807 529 846 et
569 807 842 848 concessione.
904 805 988 848 Pro
1032 822 1115 862 qua
1151 807 1323 863 quidem
1358 808 1650 864 recognicione
1682 808 1791 864 juris
1827 811 1868 850 et
1903 808 2023 850 finali
2055 823 2155 851 con-

203 894 347 936 cordia
366 895 544 950 predicti
566 895 805 938 RoBERTus
825 898 877 939 de
898 898 939 939 la
959 897 1099 940 MARE
1122 900 1164 940 et
1185 898 1470 942 WILLELMUS
1502 901 1542 941 le
1570 900 1821 942 FFRENCHE
1855 903 2149 943 concesserunt

197 985 435 1040 predictum
455 986 693 1028 manerium
713 987 765 1028 de
787 986 1046 1029 OXINWmH’
1069 991 1111 1029 et
1132 989 1454 1031 advocacionem
1475 990 1643 1032 ecclesie
1656 991 1845 1046 predicte
1870 1006 1966 1033 cum
1986 991 2148 1046 pertin-

204 1075 330 1117 entiis
369 1076 568 1131 predictis
606 1076 636 1118 J
639 1091 815 1119 oHANNI
855 1078 943 1120 filio
978 1077 1181 1120 Romam
1215 1079 1266 1120 de
1303 1079 1485 1121 PENRES
1521 1080 1670 1122 militis
1702 1083 1745 1122 et
1777 1081 1998 1123 JOHANNE
2034 1082 2157 1125 uxori

202 1166 297 1222 ejus
337 1170 379 1208 et
418 1167 494 1209 illa
533 1167 592 1210 eis
630 1168 677 1209 in
718 1169 865 1210 eodem
906 1169 1109 1211 comitatu
1147 1171 1439 1212 reddiderunt.
1531 1170 1798 1213 Habendum
1839 1175 1881 1214 et
1916 1173 2152 1215 tenendum

201 1257 439 1313 predictum
459 1258 696 1300 manerium
718 1260 770 1300 de
792 1259 1051 1301 OXINWICH'
1085 1263 1127 1302 et
1157 1261 1481 1304 advocacionem
1509 1262 1679 1304 ecclesie
1706 1263 1893 1318 predicte
1930 1264 1982 1306 de
2015 1264 2155 1306 Oxm-

203 1348 339 1390 WIGH'
363 1364 458 1390 cum
479 1349 746 1404 pertinentiis
767 1350 1018 1405 supradictis
1039 1350 1066 1391 J
1070 1365 1249 1393 OHANNI
1271 1352 1360 1393 filio
1383 1351 1595 1394 RoBERTo
1626 1354 1678 1395 de
1711 1353 1895 1396 PENRES
1928 1355 2079 1397 militis
2114 1357 2157 1398 et

202 1439 232 1482 J
235 1454 421 1481 OHANNE
443 1441 565 1482 uxori
586 1440 676 1495 ejus
697 1444 738 1482 et
759 1441 984 1483 heredibus
1006 1443 1058 1484 de
1080 1442 1324 1498 corporibus
1345 1443 1534 1501 ipsorum
1556 1444 1811 1487 exeuntibus
1832 1446 1884 1486 de
1906 1445 2160 1501 capitalibus

202 1532 385 1573 dominis
405 1531 521 1573 feodi
541 1532 657 1574 illius
677 1547 752 1587 per
772 1532 962 1575 redditus
984 1537 1026 1574 et
1047 1533 1221 1575 servicia
1236 1549 1317 1589 que
1334 1535 1389 1576 ad
1404 1534 1480 1576 illa
1495 1538 1740 1577 tenementa
1755 1536 1982 1591 pertinent.
2046 1537 2107 1579 Et
2123 1537 2158 1579 si

202 1623 425 1679 contingat
444 1624 653 1679 predictos
673 1624 702 1667 J
706 1638 931 1666 OHANNEM
953 1625 1092 1666 filium
1114 1625 1318 1667 Rossmm
1351 1627 1402 1667 de
1437 1625 1619 1668 PENREs
1649 1627 1798 1669 militis
1826 1630 1868 1670 et
1901 1627 1930 1670 J
1933 1642 2158 1671 OHANNAM

202 1729 380 1756 uxorem
421 1714 514 1770 ejus
546 1714 636 1756 sine
672 1715 897 1757 heredibus
930 1717 982 1757 de
1016 1716 1259 1772 corporibus
1297 1732 1442 1759 eorum
1475 1717 1729 1759 exeuntibus
1762 1718 1972 1760 discedere
2007 1753 2016 1761 .
2053 1721 2157 1761 tunc

202 1805 441 1860 predictum
477 1806 717 1847 manerium
744 1807 797 1848 de
822 1805 1082 1849 OXINWICH’
1121 1809 1163 1849 et
1196 1808 1419 1850 advocacio
1451 1808 1619 1850 ecclesie
1647 1808 1834 1864 predicte
1869 1824 1966 1851 cum
1997 1809 2159 1865 pertin-

206 1896 333 1938 entiis
365 1899 616 1939 remaneant
646 1897 771 1939 rectis
804 1897 1032 1941 heredibus
1064 1899 1245 1955 predicti
1273 1899 1303 1942 J
1306 1913 1507 1941 OHANNIS
1540 1899 1618 1941 filii
1647 1899 1851 1942 ΒΟΒΕΒΤΙ
1889 1902 1941 1943 (19
1978 1900 2161 1942 PENRES

205 1987 366 2029 militis.
448 1987 715 2030 Habendum
765 1991 806 2030 et
851 1991 1087 2032 tenendum
1129 1990 1368 2046 predictum
1407 1991 1648 2033 manerium
1688 1991 1740 2032 de
1782 1991 2042 2033 OXINWICH'
2076 2024 2085 2034 .
2119 1993 2161 2034 et

207 2078 530 2120 advocacionem
571 2079 740 2122 ecclesie
781 2081 968 2136 predicte
1009 2096 1106 2123 cum
1145 2081 1417 2136 pertinentiis
1454 2082 1505 2123 de
1540 2081 1792 2137 capitalibus
1827 2082 2011 2124 dominis
2045 2082 2162 2125 feodi

207 2168 323 2210 illius
344 2184 418 2224 per
436 2170 628 2212 redditus
649 2173 691 2212 et
711 2171 885 2213 servicia
906 2187 987 2227 que
1009 2173 1064 2213 ad
1083 2172 1159 2213 illa
1179 2174 1425 2214 tenementa
1445 2172 1662 2228 pertinent
1681 2173 1995 2229 inperpetuum.

272 2258 374 2302 Two
397 2261 546 2316 copies,
570 2262 822 2318 cyrograph.

272 2352 650 2395 Endorsecl—‘Ye
681 2353 765 2394 fine
798 2353 910 2395 from
942 2354 1132 2396 Richard
1162 2355 1214 2396 de
1242 2355 1286 2396 la
1317 2354 1440 2397 Mare
1474 2357 1519 2397 to
1555 2354 1673 2398 John
1707 2371 1762 2411 ye
1798 2371 1897 2398 sone
1926 2355 1971 2398 of
2001 2354 2170 2398 Robert

216 2441 394 2485 Penrice
416 2443 461 2485 of
480 2459 533 2498 ye
554 2459 704 2486 manor
723 2445 809 2486 and
829 2446 1053 2488 advowson
1075 2446 1120 2488 of
1142 2446 1331 2488 Oxwich.
1393 2447 1448 2488 26
1470 2446 1593 2489 Edw.
1617 2446 1703 2489 111.'
