2386 3645
326 277 437 319 1588

1108 930 1366 974 MOLXVI.

261 1055 432 1099 BOND
483 1056 562 1099 OF
611 1054 841 1098 HENRY
887 1054 1127 1107 WEGGE,
1170 1054 1391 1106 OLERK,
1439 1055 1574 1097 AND
1619 1054 1939 1107 ANOTHER,
1978 1055 2054 1098 ΤΟ
2101 1055 2200 1099 SIR

404 1146 683 1190 EDWARD
716 1146 849 1189 AND
881 1145 909 1189 J
913 1145 1047 1188 OHN
1082 1144 1505 1188 STRADELYNG
1536 1145 1659 1188 FOR
1689 1144 1795 1188 SIX
1825 1146 2055 1190 MARKS.

1097 1252 1172 1309 [e.
1203 1252 1255 1295 e.
1287 1252 1361 1310 E]

1411 1346 1435 1386 9
1464 1344 1569 1388 ΜΝ.
1632 1345 1684 1387 21
1712 1344 1836 1387 HEN.
1871 1345 1953 1389 VI.
2018 1346 2142 1387 1443.

312 1451 525 1495 Noverin‘c
575 1452 762 1494 universi
816 1466 890 1506 per
944 1455 1157 1506 presentes
1211 1467 1287 1494 nos
1346 1451 1602 1494 HENRICUM
1666 1450 1846 1494 WEGGE
1903 1451 2098 1494 clericum
2157 1454 2198 1494 et

252 1542 509 1587 JOHANNEM
551 1541 732 1585 GooLDE
772 1543 824 1584 de
859 1542 1026 1584 NORTH
1068 1542 1188 1585 Com(
1222 1542 1267 1584 in
1301 1542 1504 1584 comitatu
1537 1542 1784 1585 SOMERSET’
1823 1542 1953 1585 baker
1986 1543 2122 1585 teneri
2157 1548 2199 1585 et-

252 1633 432 1676 firmiter
471 1632 651 1689 obligari
686 1633 919 1675 EDWARDO
951 1632 1252 1675 STRADELYNG
1284 1633 1413 1676 mih'ti
1452 1635 1494 1676 et
1534 1633 1563 1676 J
1566 1647 1744 1676 OHANNI
1778 1632 2077 1675 STRADELYNG
2110 1634 2198 1676 filio

252 1723 479 1767 EDWARDI
512 1723 812 1766 STRADELYNG
833 1724 1034 1780 armigeri
1054 1724 1099 1766 in
1128 1739 1199 1766 sex
1221 1724 1372 1766 mareis
1401 1724 1552 1780 legalis
1571 1727 1741 1766 monete
1773 1724 1957 1766 ANGLIE
1987 1724 2197 1767 solvendis

252 1815 410 1858 eisdem
431 1814 665 1857 EDWARDo
686 1813 987 1857 STRADELYNG
1008 1817 1050 1857 et
1078 1814 1108 1857 J
1110 1829 1287 1856 OHANNI
1312 1814 1613 1857 STRADELYNG
1636 1818 1711 1857 aut
1742 1830 1886 1857 eorum
1906 1815 2132 1870 assignatis
2151 1815 2197 1857 in

253 1905 361 1948 fessso
401 1905 579 1948 PASCHE
631 1906 823 1961 proxime
873 1905 1019 1948 futuro
1071 1908 1165 1961 post
1219 1906 1370 1948 datum
1421 1906 1681 1961 presentium
1735 1907 1789 1948 ad
1844 1920 1973 1961 quam
2024 1906 2197 1961 quidem

252 1996 510 2039 solucionem
533 1995 640 2039 bene
670 1999 712 2038 et
739 1996 921 2039 fideliter
949 1996 1188 2038 faciendam
1214 1996 1453 2053 obligamus
1473 2011 1549 2039 nos
1576 1999 1617 2039 et
1638 1999 1868 2053 utrumque
1899 2000 2091 2039 nostrum
2123 2012 2199 2053 per

253 2102 296 2130 se
316 2102 392 2143 pro
422 2089 512 2129 toto
533 2087 641 2129 etin
666 2087 847 2129 solidum
873 2087 1047 2130 heredes
1075 2092 1116 2130 et
1137 2090 1379 2130 executores
1407 2090 1572 2130 nostros
1593 2103 1667 2143 per
1696 2091 1923 2143 presentes.
1985 2088 2042 2130 In
2075 2088 2197 2144 eujus

252 2177 315 2220 rei
334 2177 625 2220 testimonium
645 2177 910 2234 presentibus
930 2178 1072 2234 sigilla
1096 2181 1239 2221 nostra
1259 2179 1543 2236 apposuimus.

313 2268 417 2311 Dat'
438 2284 551 2312 nono
571 2268 640 2311 die
659 2268 815 2311 mensis
830 2268 860 2312 J
862 2269 1027 2312 anuarii
1043 2284 1155 2312 anno
1175 2271 1298 2327 regni
1314 2270 1448 2327 Regis
1464 2270 1670 2312 HENRICI
1692 2270 1800 2313 sexti
1813 2273 1907 2326 post
1923 2273 2200 2326 conquest-um

253 2360 438 2403 ANGLIE
458 2359 654 2402 vicesimo
674 2359 823 2416 primo.

311 2466 409 2510 Seal
448 2481 571 2523 gone.
661 2466 954 2510 Endorsed—‘
977 2467 1198 2525 Obligaoio
1237 2469 1352 2512 faeta
1401 2469 1615 2512 Edwardo
1665 2469 1929 2524 Stradlynge
1979 2468 2107 2511 mjliti
2155 2472 2197 2512 et

254 2557 285 2602 J
287 2558 446 2601 ohanni
482 2558 772 2615 Stradlynge.'
