2386 3645
256 315 367 358 1428

311 521 424 564 Item
460 521 609 564 dicunt
645 521 759 576 quod
794 519 917 562 REEs
952 534 1006 575 ap
1043 518 1265 561 GRUFFUD
1297 518 1485 560 chivaler
1505 518 1645 560 tenuit
1665 518 1711 559 in
1735 517 1945 560 dominico
1967 532 2041 559 suo
2071 521 2113 559 et
2144 519 2196 560 de

252 612 378 655 feodo
414 612 482 654 die
516 626 598 667 quo
637 610 742 654 obiit
762 610 962 652 videlicet
997 610 1105 652 circa
1137 624 1248 651 xvn.
1271 624 1405 652 annos
1434 609 1595 664 elapsos
1616 609 1668 650 de
1689 608 1861 650 domino
1881 622 1956 663 per
1975 608 2197 651 servicium

251 703 436 746 militare
476 702 665 745 maneria
720 702 772 744 de
817 701 1029 743 PENREES
1069 703 1112 742 et
1152 699 1447 742 PonmmNoN
1500 715 1582 756 que
1637 699 1783 741 valent
1838 714 1913 755 per
1949 714 2111 741 annum
2147 699 2192 742 in

252 794 449 838 omnibus
484 793 668 837 exitibus
714 793 840 849 juxta
886 806 1033 835 verum
1069 792 1255 834 valorem
1305 791 1536 834 eorundem
1582 805 1687 833 xxx,
1731 790 1871 833 libros.
1953 790 2015 833 Et
2049 790 2198 832 dicunt

251 887 366 943 quod
397 886 610 942 predictus
643 899 780 927 comes
811 885 951 926 exitus
972 886 1015 926 et
1045 883 1231 938 proficua
1262 883 1362 925 inde
1383 881 1679 938 proveniencia
1701 897 1725 923 a
1755 881 1823 924 die
1853 881 2001 924 mortis
2021 881 2200 937 predicti

251 977 375 1020 REES
406 992 540 1032 usque
572 976 686 1018 diem
718 974 927 1031 capcionis
960 973 1092 1030 hujus
1122 973 1409 1028 inquisitionis
1439 973 1682 1028 tenuitque
1714 973 1841 1015 titulo
1862 972 2074 1028 ignorant.
2137 971 2198 1014 Et

250 1069 399 1111 dicunt
420 1068 534 1124 quod
555 1066 745 1109 THOMAS
766 1081 820 1121 ap
842 1064 964 1107 Rssns
986 1067 1048 1107 est
1069 1064 1180 1106 filius
1201 1067 1244 1106 et
1264 1064 1382 1106 heres
1402 1064 1595 1120 ejusdem
1616 1063 1739 1106 REEs
1755 1064 2030 1119 propinquior
2051 1067 2092 1106 et
2113 1063 2198 1106 fuit

247 1160 371 1202 etatis
416 1174 508 1201 XIX.
556 1172 765 1200 annorum
805 1156 873 1199 die
907 1155 1111 1198 Mercurii
1164 1155 1357 1210 proximo
1398 1158 1492 1210 post
1541 1154 1701 1197 festum
1737 1154 2006 1197 Pentecostes
2041 1154 2192 1197 ultimo

247 1250 499 1306 preteritum
515 1263 601 1291 non
622 1248 858 1290 maritatus.

302 1340 416 1383 Item
446 1340 594 1382 dicunt
624 1340 738 1394 quod
767 1338 796 1380 J
800 1351 1008 1380 OHANNES
1040 1336 1259 1379 CLEMENT
1287 1336 1427 1378 tenuit
1447 1335 1493 1378 in
1514 1335 1726 1378 dominico
1747 1351 1821 1378 suo
1842 1338 1890 1378 ut
1912 1337 1963 1378 de
1985 1336 2108 1378 feodo
2125 1336 2194 1378 die

247 1446 332 1487 quo
362 1431 467 1473 obiit
497 1432 550 1472 de
580 1430 752 1472 domino
782 1444 857 1484 per
887 1427 1110 1470 servicium
1141 1427 1326 1470 militare
1356 1441 1429 1469 sex
1460 1441 1576 1469 acras
1606 1428 1716 1469 terre
1738 1441 1834 1468 cum
1855 1427 2124 1482 pertinentiis
2150 1427 2196 1469 in

246 1521 504 1564 PENNARTH
539 1537 621 1577 que
656 1521 800 1563 valent
833 1535 907 1575 per
941 1534 1104 1562 annum
1137 1518 1183 1561 in
1219 1518 1416 1561 omnibus
1449 1517 1635 1560 exitibus
1666 1517 1793 1574 juxta
1833 1533 1981 1560 verum
2011 1518 2198 1561 valorem

246 1616 477 1659 earundem
512 1628 588 1669 per
620 1627 782 1654 annun]
814 1626 921 1653 11113.
984 1611 1044 1653 Et
1075 1610 1224 1652 dicunt
1255 1611 1369 1666 quod
1399 1610 1538 1652 dictus
1567 1609 1811 1652 JOHANNES
1837 1609 1943 1652 obiit
1964 1609 2072 1652 circa
2093 1610 2198 1652 duos

245 1721 378 1749 annos
413 1706 588 1761 elapsos.
650 1703 710 1746 Et
742 1703 890 1745 dicunt
921 1702 1034 1758 quod
1067 1701 1097 1745 J
1100 1716 1310 1743 OHANNES
1342 1700 1561 1744 CLEMENT
1592 1703 1655 1743 est
1684 1701 1798 1743 filius
1818 1703 1860 1743 et
1881 1700 2001 1743 heres
2021 1700 2201 1757 predicti

246 1798 275 1842 J
279 1811 478 1840 OHANNIS
500 1795 719 1838 CLEMENT
739 1794 1016 1850 propinquior
1037 1797 1079 1836 et
1100 1793 1225 1836 etatis
1241 1807 1302 1835 IX.
1322 1807 1544 1834 annorum.
1610 1791 1666 1834 In
1688 1791 1811 1847 cujus
1831 1791 1892 1834 rei
1909 1792 2202 1835 testimonium

245 1888 424 1945 predicti
444 1886 575 1943 jurat’
597 1885 782 1942 presenti
803 1885 946 1942 sigilla
967 1900 1042 1927 sua
1072 1886 1374 1939 apposuerunt.
1436 1883 1603 1926 Datum
1636 1883 1708 1925 die
1741 1884 1830 1926 loco
1852 1886 1895 1926 et
1925 1898 2038 1926 anno
2059 1898 2204 1939 supra-

246 1979 381 2022 dictis.

304 2069 469 2112 Datum
490 2069 604 2124 apud
632 2067 936 2111 SWOYNESEYE
957 2082 1032 2122 per
1057 2066 1221 2122 copiam
1250 2065 1328 2108 sub
1359 2065 1500 2120 sigillo
1531 2065 1770 2107 cancellarii
1792 2065 1928 2107 nostri
1955 2065 2201 2108 &0011ssssOE

247 2166 413 2202 XX11110·
457 2159 526 2202 die
558 2158 587 2201 J
590 2158 668 2201 ulii
689 2173 801 2200 anno
835 2157 959 2213 regni
995 2156 1129 2214 Regis
1166 2156 1362 2199 mem
1394 2155 1568 2198 secundi
1588 2158 1684 2211 post
1704 2159 1982 2211 conquestum
2003 2155 2199 2198 vicesimo

251 2252 449 2295 secundo.

825 2306 872 2344 (1)
916 2305 995 2335 This
1010 2305 1194 2344 paragraph
1210 2308 1267 2334 not
1283 2305 1316 2333 in
1332 2304 1386 2333 the
1402 2303 1540 2341 original
1557 2303 1624 2333 MS.

1080 2468 1378 2512 MLXXVII.

254 2562 646 2608 INSPEXIMUS
678 2561 764 2605 BY
795 2561 926 2604 THE
948 2559 1382 2604 AROHDEAOON
1407 2558 1542 2601 AND
1576 2558 1871 2602 OHAPTER
1903 2558 1982 2601 OF
2011 2558 2203 2602 LLAN-

400 2645 583 2697 DAFF,
634 2644 712 2688 OF
763 2644 893 2687 THE
950 2642 1433 2687 OONFIRMATION
1484 2641 1571 2684 BY
1624 2641 1854 2685 BISHOP
1908 2641 2077 2686 JOHN
2128 2642 2204 2686 TO

401 2728 681 2772 MARGAM
739 2727 956 2770 ABBEY
1024 2727 1102 2770 OF
1169 2726 1300 2769 THE
1360 2724 1876 2768 APPROPRIATION
1937 2724 2015 2766 OF
2074 2723 2204 2767 THE

402 2810 743 2855 OHUROHES
784 2810 862 2853 OF
902 2808 1268 2861 PENTHLYN,
1308 2807 1503 2861 AVAN,
1543 2807 1677 2850 AND
1719 2806 2127 2851 LANGONETH.

975 2900 1206 2958 [MARGAM
1239 2898 1496 2955 camma]
1655 2919 1665 2926 ι
1755 2897 1809 2940 17
1838 2897 1960 2940 MAY.
2025 2899 2147 2940 1397.

318 2994 528 3038 Omnibus
559 2993 747 3036 CHRISTI
779 2992 975 3036 fidelibus
995 2993 1051 3035 ad
1073 3007 1177 3048 quos
1204 2993 1420 3056 presentes
1440 2990 1580 3032 littere
1601 2989 1872 3046 pervenerint
1891 2989 2209 3033 archidiaconus

261 3089 305 3129 et
324 3085 559 3142 capitulum
580 3084 750 3128 ecclesie
771 3083 1024 3127 cathedralis
1045 3082 1387 3125 LANDAVIENSIS
1408 3081 1590 3124 salutem
1610 3081 1656 3123 in
1677 3079 1868 3123 omnium
1889 3079 2107 3124 salvatore.
