2386 3645
292 263 403 305 1402

229 471 283 513 de
307 470 536 513 MOUBRAY
564 471 618 512 ad
645 471 986 526 respondendum
1016 470 1193 513 ulterius
1217 471 1272 512 ad
1298 469 1425 513 breve
1453 470 1690 527 predictum
1718 468 1792 511 ubi
1819 468 1901 524 ipsi
1921 467 2045 510 breve
2065 468 2176 511 illud

228 576 407 604 cassasse
429 561 679 604 debuerunt.
739 560 800 603 Et
820 561 866 603 in
886 561 964 604 1100
984 561 1066 617 ipsi
1086 564 1345 604 erraverunt.

287 653 401 695 Item
426 652 500 695 ubi
530 654 585 694 ad
612 651 780 694 octabas
804 651 950 695 Sancti
985 652 1194 694 MARTINI
1227 667 1341 695 anno
1373 652 1496 708 regni
1527 651 1708 708 predicti
1735 650 1869 707 Regis
1896 665 2010 693 nunc
2036 657 2174 692 xxv10·

228 744 442 800 predictus
466 743 495 786 J
499 758 707 786 OHANNES
737 744 790 786 de
818 743 1049 786 MOUBRAY
1074 744 1201 800 peciit
1234 744 1372 786 visum
1408 744 1461 786 de
1497 743 1696 799 predictis
1728 745 1863 785 castro
1898 744 1939 784 et
1976 745 2088 784 terra
2120 743 2172 784 de

230 834 401 878 GrovaR
426 836 538 891 quod
564 836 603 877 ei
630 849 871 877 concessum
891 834 977 877 fuit
997 837 1040 877 et
1063 834 1189 877 breve
1209 835 1262 876 de
1287 834 1441 877 habere
1463 834 1594 876 facias
1614 834 1752 876 visum
1773 836 1836 876 est
1856 834 1908 875 de
1929 834 2029 875 dato
2050 832 2180 875 tercie

228 927 313 969 diei
341 926 588 969 Decembris
617 925 805 982 predicto
840 941 952 968 anno
980 932 1118 968 xxvr’·
1151 926 1225 981 qui
1258 925 1430 980 quidem
1463 926 1552 967 dies
1587 928 1651 968 est
1683 925 1773 968 dies
1797 928 1918 968 extra
1945 926 2178 967 terminum

228 1017 423 1059 videlicet
444 1021 538 1073 post
560 1017 709 1059 HUtum.
726 1017 837 1058 diem
860 1018 911 1058 de
933 1016 1150 1071 quindena
1171 1015 1317 1058 Sancti
1345 1015 1554 1058 MARTINl
1584 1018 1626 1057 01
1650 1016 1708 1058 sic
1735 1015 1861 1058 breve
1877 1015 1986 1058 illud
2007 1015 2176 1057 nullum

224 1109 427 1151 warantis
454 1109 539 1152 fuit
569 1109 805 1152 vicecomiti
835 1109 887 1150 de
918 1107 1072 1149 habere
1106 1107 1302 1150 faciendo
1337 1107 1366 1149 J
1369 1121 1548 1149 OHANNI
1585 1109 1637 1149 de
1670 1107 1911 1149 MOWBRAY
1951 1108 2090 1149 visum
2123 1108 2175 1149 de

223 1200 422 1255 predictis
451 1203 584 1243 castro
613 1203 655 1242 et
693 1203 806 1242 terra
846 1200 898 1241 de
934 1198 1106 1240 GrowER
1138 1198 1183 1240 in
1219 1213 1303 1253 quo
1344 1213 1442 1240 casu
1482 1197 1639 1253 prefati
1679 1198 1905 1253 justiciarii
1933 1198 2175 1240 debuissent

222 1291 503 1333 considerasse
528 1305 664 1333 unum
690 1290 899 1332 sufficiens
924 1288 1049 1331 breve
1078 1288 1312 1330 vicecomiti
1339 1288 1501 1330 desicut
1530 1288 1634 1330 alias
1664 1287 1819 1330 habere
1847 1288 1977 1330 facias
2010 1288 2177 1344 prefato

221 1381 250 1424 J
253 1395 431 1422 OHANNI
454 1382 505 1423 de
526 1380 756 1423 MOUBRAY
777 1380 915 1422 visum
935 1380 988 1421 de
1008 1379 1209 1435 predictis
1230 1383 1365 1421 castro
1393 1381 1435 1420 et
1459 1381 1573 1420 terra
1601 1380 1653 1420 de
1685 1378 1867 1421 GrovaR.
1932 1379 1993 1421 Et
2022 1379 2068 1421 in
2096 1379 2174 1422 1100

221 1473 334 1528 quod
356 1473 536 1528 predicti
556 1471 781 1528 justiciarii
801 1471 880 1514 1100
901 1487 987 1513 11011
1009 1471 1204 1513 fecerunt
1224 1470 1306 1526 ipsi
1328 1473 1590 1513 erraverunt.

277 1563 391 1605 Item
423 1563 496 1605 ubi
524 1563 738 1619 predictus
769 1562 1030 1605 EDWARDUS
1064 1562 1159 1604 Rex
1185 1576 1289 1604 avus
1311 1561 1475 1604 domini
1504 1561 1639 1618 Regis
1667 1577 1781 1604 nunc
1803 1577 1876 1617 per
1903 1561 2028 1604 breve
2050 1576 2175 1604 suum

216 1655 403 1710 precepit
423 1655 657 1697 vicecomiti
684 1654 909 1696 HERFORD
938 1654 1052 1709 quod
1078 1653 1233 1696 habere
1263 1653 1395 1695 faciat
1423 1654 1589 1709 prefato
1620 1652 1649 1696 J
1652 1667 1828 1695 OHANNI
1859 1654 1911 1695 de
1942 1653 2171 1695 MOUBRAY

217 1745 355 1787 visum
389 1747 440 1787 de
473 1746 672 1801 predictis
703 1748 837 1787 castro
866 1748 908 1787 et
938 1748 1051 1786 terra
1083 1745 1135 1786 de
1164 1743 1337 1786 Gowca
1369 1777 1377 1785 .
1411 1747 1453 1786 01
1480 1744 1593 1799 quod
1619 1744 1776 1786 diceret
1810 1751 1929 1786 111J01'·
1961 1744 2173 1801 legalibus

217 1835 425 1878 militibus
453 1852 505 1878 ex
530 1836 616 1878 illis
637 1836 710 1892 qui
732 1836 841 1878 visui
861 1836 926 1878 illi
947 1834 1243 1877 interfuissent
1269 1835 1382 1890 quod
1403 1837 1542 1877 essent
1563 1849 1704 1877 coram
1723 1834 1970 1890 justiciariis
1990 1835 2170 1891 predicti

218 1927 442 1969 EDWARDI
477 1927 623 1983 Regis,
646 1927 728 1979 avi,
750 1930 842 1978 etc„
870 1928 984 1982 apud
1016 1925 1477 1969 WESTMONASTERIUM
1514 1926 1569 1967 ad
1599 1929 1760 1968 certum
1792 1925 1906 1968 diem
1938 1927 1993 1968 ad
2024 1926 2171 1968 testifi-

219 2018 402 2060 candum
433 2018 570 2060 visum
595 2019 718 2060 illum
746 2021 872 2074 prout
900 2017 1066 2074 plenius
1096 2020 1213 2072 patet
1243 2032 1318 2072 per
1351 2017 1473 2059 breve
1501 2017 1622 2059 illud.
1687 2016 1814 2062 Quod
1841 2016 2015 2072 quidem
2043 2017 2168 2060 breve

225 2109 412 2164 plenarie
446 2114 670 2151 executum
700 2124 786 2151 non
821 2109 907 2151 fuit
934 2112 1059 2164 prout
1095 2123 1170 2164 per
1201 2110 1424 2149 returnum
1457 2107 1651 2163 ejusdem
1680 2107 1818 2149 brevis
1843 2107 1945 2150 satis
1971 2107 2108 2163 liquet
2132 2108 2178 2150 in

220 2215 304 2256 quo
335 2215 433 2242 casu
464 2200 690 2242 vicecomes
722 2200 942 2242 amerciari
973 2199 1187 2242 debuisset
1218 2202 1260 2241 et
1292 2199 1508 2254 quoddam
1542 2198 1668 2241 breve
1700 2199 1862 2240 desicut
1890 2199 1995 2241 alias
2022 2198 2178 2242 habere

221 2290 352 2333 facias
373 2291 510 2333 visum
530 2289 744 2333 debuisset
765 2291 1020 2333 considerari
1041 2293 1083 2332 et
1110 2291 1156 2332 in
1177 2290 1256 2332 hoc
1278 2290 1392 2345 quod
1411 2289 1591 2344 predicti
1610 2289 1836 2345 justiciarii
1856 2289 1902 2331 in
1924 2290 2079 2345 placito
2100 2289 2178 2332 illo

222 2381 379 2437 absque
420 2381 502 2424 alio
542 2381 659 2424 brevi
694 2382 856 2424 desicut
896 2382 1001 2424 alias
1035 2381 1190 2423 habere
1221 2380 1353 2422 facias
1389 2380 1527 2422 visum
1560 2380 1873 2422 consideratum
1909 2383 1952 2422 et
1986 2380 2174 2436 plenarie

225 2476 448 2515 executum
468 2473 648 2515 ulterius
669 2476 962 2528 processerunt
982 2473 1063 2528 ipsi
1085 2474 1347 2514 erraverunt.
2064 2459 2066 2461 Ι

285 2563 398 2606 Item
438 2564 513 2606 ubi
552 2565 607 2606 ad
646 2564 832 2620 prefatas
870 2563 1039 2606 octabas
1080 2562 1225 2606 Sancti
1259 2562 1469 2604 MARTINI
1510 2577 1622 2604 anno
1659 2562 1783 2618 regni
1822 2562 2002 2618 predicti
2043 2562 2180 2619 Regis

227 2655 454 2697 Enwmm
486 2655 567 2707 avi,
604 2658 697 2706 etc„
734 2662 872 2696 xxv10·
913 2655 1127 2710 predictus
1159 2653 1189 2696 J
1192 2668 1402 2696 OHANNES
1439 2654 1490 2695 de
1526 2653 1757 2695 MOUBRAY
1792 2653 1919 2709 peciit
1952 2653 2091 2695 visum
2126 2655 2179 2696 de

230 2746 430 2801 predictis
449 2748 584 2788 castro
614 2748 655 2788 et
682 2748 795 2788 terra
822 2746 874 2788 de
897 2744 1068 2788 Gowssn
1088 2746 1202 2801 quod
1223 2745 1263 2787 ei
1284 2759 1524 2787 concessum
1545 2744 1690 2786 extitit
1710 2746 1753 2787 et
1773 2743 1925 2786 habuit
1944 2744 2045 2786 inde
2065 2744 2179 2787 diem

229 2851 362 2892 usque
382 2852 570 2880 mensem
591 2836 751 2879 Pasche
772 2839 875 2879 tunc
895 2837 1086 2892 proxime
1107 2840 1354 2892 sequentem
1373 2836 1428 2878 ad
1445 2850 1571 2891 quem
1592 2835 1707 2877 diem
1726 2837 1878 2877 neuter
1892 2835 2178 2891 predictorum

230 2942 366 2983 nuper
386 2927 550 2970 comitis
570 2930 612 2970 et
632 2926 662 2970 J
665 2941 864 2970 OHANNIS
885 2928 938 2970 de
959 2927 1188 2969 MOUBRAY
1210 2926 1445 2982 comparuit
1465 2941 1539 2982 per
1565 2928 1830 2968 att-ornatum
1849 2940 1926 2968 nec
1946 2925 1991 2967 in
2011 2926 2180 2982 propria

231 3034 409 3075 persona
430 3033 506 3061 nec
527 3019 699 3074 aliquod
711 3018 922 3061 essonium
943 3033 1019 3074 pro
1041 3018 1100 3060 eis
1120 3018 1175 3060 ad
1196 3018 1380 3060 eundem
1395 3017 1509 3060 diem
1530 3016 1824 3073 adjudicatum
1846 3016 1931 3059 fuit
1951 3017 2184 3059 secundum
