2386 3645
1847 266 1957 308 1199

133 470 370 512 Oneramm‘
386 468 542 524 quippe
557 469 610 510 de
624 481 821 509 xxxvuJ.
839 467 1057 510 monachis
1088 501 1097 510 .
1130 467 1191 510 Et
1207 469 1259 510 de
1273 469 1481 511 conversis
1494 483 1564 511 XL.
1625 470 1686 511 Et
1703 472 1815 526 quod
1827 472 2017 515 dolentes

72 560 248 602 ferimus
276 558 504 601 inundacio
531 558 660 600 maris
683 557 856 600 fluentis
886 560 928 600 et
954 557 1174 601 refluentis
1200 574 1287 601 non
1317 559 1527 602 modicam
1554 563 1720 615 partem
1750 563 2017 616 quarundam

72 653 282 692 terrarum
312 648 445 704 ipsius
477 648 594 690 litori
625 648 920 704 adjacencium
955 649 1176 704 occupavit
1217 683 1226 692 .
1261 649 1525 705 aliarumque
1563 650 1728 693 fructus
1766 652 2017 696 multociens

71 740 228 797 premit
253 743 296 782 et
322 740 531 782 consumit
561 772 569 781 .
596 754 645 782 ac
671 740 762 795 ipso
801 739 911 781 mari
945 739 1173 795 ingruente
1202 773 1210 782 .
1242 740 1456 796 laciusque
1486 756 1529 783 se
1559 741 1822 784 defundente
1853 742 2018 798 majora

73 831 296 887 dispendia
315 830 600 873 verisimiliter
619 830 912 873 formidamus.
975 830 1184 886 Quodque
1205 831 1407 873 animalia
1427 835 1571 874 nostra
1591 832 1637 874 in
1658 832 1811 888 quibus
1830 834 2017 877 maxima

72 936 170 978 pars
189 921 445 964 facultatum
465 925 709 963 nostrarum
729 921 872 964 extitit
893 922 1128 964 secundum
1147 923 1325 964 modum
1351 925 1461 964 terre
1488 925 1629 965 nostre
1656 922 1852 966 WALLIE
1883 924 2018 968 horri-

73 1012 171 1056 bilis
201 1028 338 1068 nuper
375 1013 531 1055 invasit
570 1013 818 1056 mortalitas.
880 1012 942 1055 Et
980 1016 1122 1069 preter
1160 1013 1236 1056 hec
1276 1013 1404 1055 variis
1443 1029 1703 1070 gwerrarum
1742 1015 2019 1072 languoribus

75 1103 362 1159 quampluries
396 1105 440 1145 et
471 1102 690 1145 hostilium
724 1103 1103 1159 impugnacionum
1138 1103 1355 1146 incursum
1385 1103 1565 1160 jacturis
1597 1105 1814 1148 immensis
1837 1139 1846 1148 .
1869 1121 2015 1149 sumus

73 1209 150 1237 nos
173 1198 217 1236 et
240 1194 327 1236 filia
355 1197 496 1236 vestra
521 1194 730 1250 prelibata
760 1194 968 1250 suppositi
994 1194 1256 1250 temporibus
1282 1195 1511 1238 retroactis,
1573 1195 1634 1238 Et
1658 1196 1854 1240 similiter
1881 1198 1927 1240 in
1952 1199 2021 1241 via

73 1284 193 1342 regia
213 1284 360 1327 situati
379 1288 422 1327 et
442 1300 468 1327 a
488 1284 679 1340 quolibet
698 1285 788 1328 loco
809 1285 1047 1328 communis
1065 1285 1226 1342 refugii
1244 1320 1252 1328 .
1271 1285 1458 1328 multum
1472 1286 1679 1329 distantes
1698 1288 1858 1331 tociens
1877 1304 2022 1333 sumus

74 1374 312 1432 hospitibus
332 1378 422 1418 tam
443 1376 495 1418 de
525 1376 801 1432 magnatibus
828 1391 958 1432 quam
988 1377 1041 1419 de
1069 1377 1331 1433 simplicibus
1357 1378 1543 1433 oppressi
1565 1411 1573 1420 .
1597 1381 1640 1421 et
1669 1393 1744 1434 per
1773 1381 2025 1436 gravamina

75 1469 279 1509 annotata
298 1466 357 1509 sic
376 1468 589 1509 attenuati
609 1468 722 1523 quod
743 1468 798 1510 ad
819 1483 948 1511 onera
966 1468 1261 1511 incumbencia
1281 1470 1569 1525 supportanda
1589 1472 1737 1526 utpote
1762 1471 1817 1513 ad
1843 1472 2027 1516 decimas

74 1561 164 1600 tam
183 1573 260 1614 per
280 1558 591 1601 sanctissimum
612 1559 834 1601 dominum
855 1558 1020 1616 Papam
1041 1575 1169 1615 quam
1199 1575 1274 1616 per
1304 1560 1471 1616 Regem
1500 1560 1622 1604 nobis
1651 1562 1870 1617 impositas
1899 1566 1942 1606 et
1971 1565 2026 1607 ad

75 1647 414 1692 contribuciones
434 1649 575 1692 ordini
594 1649 892 1705 persolvendas
915 1650 1054 1692 effecti
1075 1665 1221 1693 sumus
1240 1651 1406 1693 notorie
1425 1651 1679 1707 inpotentes.

132 1739 191 1783 In
211 1740 335 1797 cujus
355 1741 417 1783 rei
437 1741 731 1784 testimonium
751 1741 945 1798 sigillum
965 1745 1159 1785 nostrum
1178 1742 1277 1785 huie
1297 1743 1485 1799 presenti
1505 1747 1676 1787 extente
1700 1759 1775 1800 per
1802 1746 2027 1789 duodecim

75 1832 129 1874 de
149 1831 384 1874 senioribus
404 1832 555 1874 domus
575 1835 717 1874 nostre
738 1832 912 1875 consilio
946 1848 1021 1888 per
1046 1848 1252 1889 magnam
1280 1833 1632 1877 deliberacionem
1661 1834 1808 1878 habito
1838 1836 2027 1880 confecto

74 1923 121 1966 in
141 1923 357 1979 presencia
376 1923 597 1966 reverendi
617 1923 663 1966 in
681 1923 877 1967 CHmsro
897 1925 1031 1980 patris
1046 1925 1210 1967 domini
1230 1924 1396 1968 abbatis
1411 1926 1464 1968 de
1480 1925 1663 1968 NEETH’
1688 1959 1696 1968 .
1720 1942 1768 1969 ac
1787 1927 1968 1970 districti
1984 1932 2027 1971 et

74 2013 265 2070 religiosi
296 2014 378 2056 viri
412 2014 577 2057 domini
611 2014 856 2057 BERNARDI
890 2015 1087 2058 monachi
1121 2015 1435 2058 CLAREVALLIS
1470 2016 1516 2059 in
1551 2016 1790 2073 theologica
1822 2018 2026 2062 facultate

74 2103 288 2147 baculario
309 2105 510 2147 duximus
530 2107 844 2162 apponendum.

133 2195 299 2239 Datum
318 2195 365 2238 in
384 2197 640 2239 monasterio
660 2199 804 2240 nostro
824 2198 1015 2253 predicto
1036 2198 1106 2240 die
1127 2198 1156 2240 J
1160 2212 1256 2240 ovis
1287 2198 1482 2254 proxima
1511 2203 1606 2254 post
1634 2202 1802 2242 octavas
1831 2200 1992 2243 Pasche
2014 2235 2023 2244 .

78 2301 189 2329 anno
211 2287 374 2329 domini
395 2301 444 2329 Μ.
468 2301 550 2329 ccc.
574 2295 743 2330 XXXVIO·
804 2288 865 2330 Et
883 2304 960 2331 nos
976 2289 1124 2332 ffrater
1139 2288 1425 2332 WILLELMUS
1442 2289 1580 2332 dictus
1593 2289 1721 2332 abbas
1743 2292 1795 2334 de
1810 2290 1856 2334 N
1859 2292 1963 2335 ETH'
1979 2293 2026 2335 in

77 2378 370 2420 testimonium
390 2379 582 2421 omnium
602 2379 890 2435 predictorum
910 2381 1143 2423 secundum
1159 2380 1469 2436 deposicionem
1482 2382 1705 2424 duodecim
1720 2382 2026 2438 prelibatorum

75 2468 122 2510 in
142 2469 410 2511 conscienciis
439 2469 526 2512 suis
546 2473 817 2513 oneratorum
847 2471 1113 2527 presentibus
1143 2471 1335 2527 sigillum
1365 2474 1560 2515 nostrum
1589 2473 1714 2515 dictis
1744 2473 1812 2515 die
1843 2476 1885 2516 et
1913 2489 2025 2518 anno

76 2559 276 2602 duximus
296 2561 611 2616 apponendum.

132 2648 267 2692 Sman
285 2651 424 2693 round
445 2651 545 2704 seal,
566 2652 641 2694 red
661 2667 769 2704 wax,
792 2667 906 2694 mere
928 2652 1167 2709 fragments
1188 2652 1236 2696 of
1265 2668 1290 2695 a
1312 2653 1396 2696 fine
1426 2654 1577 2709 design
1607 2653 1786 2710 bearing
1816 2670 1841 2697 a
1871 2656 2025 2700 crozier

76 2739 228 2783 within
248 2740 458 2784 elaborate
481 2741 637 2785 Gothic
663 2747 842 2799 tracery.

345 2827 355 2846 ‘
360 2857 680 2868 ........
714 2840 749 2868 Μ
772 2859 780 2868 .
806 2825 1037 2884 ABBAT[1s]
1075 2860 1084 2868 .
1118 2861 1127 2870 .
1162 2861 1171 2870 .
1203 2841 1230 2869 'r
1252 2860 1262 2870 .
1285 2841 1399 2869 CONV
1432 2860 1748 2870 ........

133 2912 426 2957 Endorsed--‘
441 2915 647 2959 Valuacio
661 2917 852 2959 omnium
868 2916 1105 2970 terrarum,'
1122 2918 1208 2959 and
1229 2920 1239 2939 ‘
1254 2917 1441 2960 Taxacio
1453 2918 1752 2975 temporalium
1772 2920 1824 2961 de
1841 2919 2026 2978 Margan

75 3019 152 3060 per
172 3003 368 3048 abbatem
388 3005 661 3050 Bernardum
682 3007 961 3051 Olarevallis.'

332 3096 380 3134 (1)
404 3095 629 3135 Hosebrugge,
644 3106 663 3127 a
677 3097 810 3136 Grange
825 3099 858 3128 οἱ
874 3099 1032 3138 Margam,
1050 3109 1127 3129 near
1142 3099 1274 3147 Cardiff.
1316 3099 1374 3129 See
1392 3099 1508 3138 D011.,
1524 3099 1757 3130 MOCXLVII.
1801 3135 1803 3137 ¹
