2386 3645
1923 294 2034 335 1567

149 497 332 536 castrum
365 497 407 535 et
439 494 678 535 manerium
705 493 757 535 de
778 492 1136 537 Wmmcnmzcass
1166 509 1263 536 cum
1289 496 1556 550 pertinentiis
1576 497 1622 538 in
1652 497 1872 540 MARCHIA
1893 498 2089 542 WALLIE

149 584 338 640 predicto
368 584 590 626 comitatui
621 583 933 626 GLOUCESTRIE
973 584 1210 638 adjacente,
1241 585 1416 627 feodum
1446 587 1574 628 unius
1605 588 1754 630 militis
1783 589 1828 630 in
1863 589 2091 632 LANDocH

151 676 266 731 quod
285 675 405 717 heres
421 674 450 717 J
453 689 652 717 OHANMS
667 675 719 716 de
734 674 944 718 WYNTON
961 676 1177 730 quondam
1192 676 1334 718 tenuit
1354 679 1397 718 et
1417 678 1531 732 quod
1547 678 1602 719 ad
1618 693 1690 720 sex
1705 678 1834 721 libras
1849 680 2093 723 extenditur

149 781 224 821 per
264 780 426 807 annum
461 780 557 807 cum
589 764 890 816 accidentibus,
923 765 1098 807 feodum
1129 766 1258 808 unius
1292 767 1441 809 militis
1472 767 1517 809 in
1553 767 1724 811 SANc‘ro
1760 768 1946 812 Domro
1982 772 2094 825 quod

149 857 412 899 EDWARDUS
448 858 500 899 de
536 856 836 898 STRADLYNGE
869 857 1086 911 quondam
1120 858 1262 900 tenuit
1293 861 1337 901 et
1375 859 1489 914 quod
1521 860 1577 902 ad
1603 862 1709 902 xxlz'.
1746 861 1990 903 extenditur
2021 876 2096 917 per

147 963 310 991 annum
361 962 458 989 cum
506 947 794 990 accidentibus
827 980 2092 994 ...........................

148 1132 192 1172 et
211 1129 530 1171 advocationem
559 1128 727 1171 ecclesie
755 1129 808 1171 de
838 1128 1147 1172 KYLTHGAIRE
1169 1146 1250 1186 que
1275 1132 1330 1173 ad
1359 1134 1432 1174 xli.
1456 1132 1704 1174 extenditur
1724 1147 1799 1188 per
1819 1147 1982 1174 annum
2002 1148 2098 1175 cum

149 1219 438 1263 accidentibus
457 1220 503 1261 in
525 1219 729 1262 comitatu
749 1223 792 1262 et
811 1220 1035 1263 MARCHIA
1056 1222 1254 1277 predictis
1286 1257 1294 1264 .
1328 1222 1550 1265 Praetextu
1571 1223 1839 1278 quarundam
1859 1223 2100 1266 litterarum

147 1311 387 1367 patentium
408 1311 588 1353 Domini
607 1310 835 1353 EDWARDI
855 1327 993 1367 nuper
1014 1312 1147 1369 Regis
1167 1313 1351 1356 ANGLIE
1373 1314 1451 1356 filii
1474 1314 1608 1370 Regis
1629 1314 1835 1356 HENRICI
1857 1315 1909 1356 de
1925 1315 2100 1357 diversis

149 1402 294 1445 castris
326 1402 527 1444 maneriis
558 1403 682 1444 terris
718 1405 760 1445 et
793 1403 1049 1445 tenementis
1083 1404 1283 1459 predictis
1303 1408 1345 1446 et
1366 1405 1461 1447 aliis
1480 1405 1693 1461 premissis
1714 1421 1810 1448 cum
1829 1405 2099 1461 pertinentiis

148 1508 197 1535 ac
231 1494 283 1534 de
315 1493 410 1535 aliis
445 1492 732 1535 confectarum
764 1508 839 1548 per
869 1509 973 1549 quas
1005 1495 1179 1549 quidem
1210 1495 1374 1538 litteras
1404 1499 1597 1551 patentes
1617 1496 1808 1552 prefatus
1838 1511 1974 1551 nuper
2005 1495 2101 1538 Rex

149 1583 412 1626 EDWARDUS
462 1588 623 1626 XXVIIO·
658 1583 767 1626 Maii
817 1599 931 1627 anno
980 1586 1103 1641 regni
1154 1587 1218 1628 sui
1266 1594 1411 1628 xxr1110·
1456 1587 1638 1629 recitans
1688 1588 1870 1642 qualiter
1919 1587 2097 1629 dilectus

148 1678 191 1717 et
240 1675 376 1717 fidelis
425 1674 520 1731 ejus
571 1673 830 1717 GILBERTUS
880 1677 933 1718 de
984 1675 1137 1718 CLARE
1180 1680 1282 1719 tunc
1327 1692 1464 1720 comes
1505 1677 1815 1720 GLOUCESTRIE
1856 1680 1899 1720 et
1937 1677 2097 1720 HERE-

148 1780 311 1808 Fonmo
381 1780 517 1821 nuper
587 1765 666 1808 sibi
735 1767 977 1809 reddiderat
1038 1772 1293 1810 concesserat
1354 1772 1396 1810 et
1455 1769 1648 1824 quietum
1707 1769 1962 1811 clamaverat
2020 1784 2096 1824 pro

148 1871 191 1899 se
251 1860 294 1899 et
341 1856 567 1899 heredibus
620 1857 706 1899 suis
761 1858 904 1900 omnia
959 1862 1095 1901 castra
1149 1863 1280 1902 terras
1340 1862 1382 1901 et
1440 1863 1685 1902 tenementa
1743 1874 1840 1902 cum
1899 1859 2095 1902 omnibus

146 1948 416 2004 pertinentiis
476 1963 557 2004 que
616 1948 768 1991 habuit
827 1950 873 1991 in
932 1950 1118 1993 ANGLIA
1179 1954 1220 1993 et
1276 1951 1473 1995 WALLIA
1526 1966 1602 2006 per
1653 1955 1788 1994 cartas
1840 1966 1934 1993 suas
1993 1966 2098 2007 quas

147 2040 285 2082 eidem
332 2055 468 2095 nuper
498 2039 612 2096 Regi
647 2040 883 2083 EDWARDo
925 2042 1152 2097 separatim
1210 2042 1312 2084 inde
1355 2042 1457 2085 fecit
1500 2043 1734 2085 tenendum
1781 2042 1919 2085 eidem
1964 2057 2100 2097 nuper

147 2130 262 2187 Regi
301 2130 537 2172 EDWARDO
577 2134 619 2173 et
658 2131 885 2174 heredibus
925 2133 1011 2174 suis
1045 2133 1239 2175 faoiendo
1275 2133 1375 2175 inde
1407 2134 1674 2176 voluntatem
1715 2148 1836 2175 suam
1875 2133 1965 2175 sine
2005 2133 2093 2175 ullo

146 2222 427 2264 retinemento
457 2237 505 2264 ac
525 2222 670 2265 volens
690 2223 805 2265 idem
825 2239 962 2279 nuper
984 2223 1080 2266 Rex
1100 2224 1363 2267 EDWARDUS
1383 2224 1551 2280 prefato
1571 2240 1708 2280 nuper
1739 2224 1883 2267 comiti
1910 2225 2097 2279 graciam

145 2313 282 2355 facere
304 2313 527 2368 specialem
547 2314 665 2355 dedit
689 2315 889 2357 concessit
911 2319 953 2357 et
986 2315 1251 2357 confirmavit
1283 2331 1358 2371 per
1388 2316 1557 2358 easdem
1587 2315 1751 2358 litteras
1784 2331 1879 2357 suas
1903 2319 2096 2371 patentes

146 2403 284 2446 eidem
305 2419 443 2459 nuper
464 2404 609 2446 comiti
630 2407 672 2446 et
692 2405 912 2447 karissime
942 2406 1028 2448 filie
1060 2406 1162 2448 dicti
1191 2421 1327 2462 nuper
1351 2406 1485 2463 Regis
1505 2406 1732 2448 EDWARDI
1752 2406 1782 2449 J
1784 2420 1971 2448 OHANNE
1993 2409 2095 2448 tunc

144 2495 268 2537 uxori
308 2495 411 2537 dicti
452 2494 674 2537 GILBERTI
714 2511 851 2552 nuper
890 2497 1054 2538 comitis
1095 2497 1238 2539 omnia
1277 2497 1480 2552 premissa
1514 2497 1560 2539 in
1595 2497 1709 2539 diota
1729 2497 1951 2539 MARCHIA
1982 2497 2094 2539 dicto

143 2586 364 2628 comitatui
404 2584 714 2628 Groucsssrnm
750 2587 993 2643 adjacentia
1025 2603 1122 2630 oum
1154 2589 1239 2630 suis
1270 2588 1539 2643 pertinentiis
1570 2588 1683 2630 inter
1711 2587 1795 2630 alia
1830 2602 1906 2643 per
1937 2602 2093 2630 nomen

143 2675 334 2719 omnium
355 2680 585 2718 castrorum
616 2679 825 2719 terrarum
856 2681 899 2720 et
932 2681 1272 2721 tenementorum
1303 2694 1476 2720 suorum
1501 2693 1597 2721 cum
1625 2677 1821 2720 omnibus
1851 2677 1936 2719 suis
1963 2676 2092 2732 perti·

141 2748 305 2809 nentiis
320 2781 401 2822 que
421 2765 573 2808 habuit
593 2769 683 2808 tam
703 2767 750 2809 in
770 2768 956 2810 ANGLIA
977 2783 1105 2824 quam
1126 2769 1172 2811 in
1193 2768 1391 2812 WALLIA
1412 2784 1464 2811 ex
1491 2769 1728 2811 redditione
1760 2771 1802 2810 et
1830 2768 2091 2810 concessione

140 2858 321 2913 predicti
354 2856 576 2900 GrLBERTI
609 2873 746 2913 nuper
777 2859 942 2901 comitis
970 2860 1155 2915 exceptis
1185 2860 1308 2902 certis
1335 2860 1458 2902 terris
1493 2862 1536 2902 et
1571 2858 1824 2902 tenementis
1853 2858 1899 2899 in
1935 2857 2093 2900 eisdem

139 2948 294 2991 litteris
314 2948 524 2991 contentis
544 2948 730 3004 exceptis
746 2949 836 2991 sine
856 2950 948 2992 ulto
970 2950 1252 2993 retinemento
1285 2985 1293 2993 .
1327 2950 1593 2993 Habendum
1614 2952 1656 2992 et
1676 2950 1909 2992 tenendum
1934 2948 2091 2991 eisdem

139 3054 277 3094 nuper
309 3038 453 3081 comiti
485 3040 528 3080 et
560 3037 590 3081 J
593 3052 780 3080 OHANNE
815 3042 858 3082 et
887 3040 1113 3083 heredibus
1144 3041 1196 3083 de
1225 3040 1467 3096 corporibus
1499 3041 1731 3092 eorundem
1762 3054 1900 3096 nuper
1927 3039 2091 3082 comitis
