2386 3645
1914 302 2022 344 1447

131 506 337 549 heredum
350 520 535 558 suorum,
550 508 627 548 etc.
665 503 726 546 Et
741 504 777 546 si
789 503 943 559 aliquis
956 503 1166 546 dictorum
1180 503 1412 547 N10H0LA1
1426 504 1647 548 ISABELLE
1665 505 1830 549 ΤΗΟΜΕ
1845 508 1876 551 J
1877 523 2076 552 OHANNIS

134 601 178 640 et
208 597 496 639 MARGARETE
531 594 649 652 [qui]
683 610 759 651 pro
789 597 978 650 tempore
1008 594 1141 637 fuerit
1160 597 1311 637 tenens
1330 596 1520 652 aliquam
1546 597 1747 640 feloniam
1774 598 1921 641 fecerit
1941 600 2008 642 vel
2027 601 2080 642 de

135 688 280 744 aliqua
299 687 460 730 felonia
480 686 696 730 convictus
725 685 857 728 fuerit
876 685 992 728 infra
1013 685 1263 728 comitatum
1285 685 1696 744 GLAMORG[ANCIE]
1721 690 1836 744 quod
1854 692 1957 732 tunc
1975 689 2083 733 bene

133 780 260 823 liceat
280 781 393 822 dicto
414 779 586 822 domino
607 777 875 820 LAURENCIO
896 780 939 820 et
958 776 1185 820 heredibus
1216 777 1302 819 suis
1322 777 1368 820 in
1388 778 1591 834 predictis
1620 780 1870 837 messuagiis
1899 784 1942 824 et
1961 782 2084 824 terris

136 885 234 912 cum
255 870 341 912 suis
361 869 634 925 pertinenciis
654 869 814 912 intrare
835 871 877 911 et
897 868 972 911 illa
987 868 1154 925 integre
1173 868 1355 911 retinere
1371 869 1461 912 sine
1478 871 1808 914 contradictione
1829 871 1971 927 aliqua
1994 905 2002 914 .
2024 872 2085 915 Et

135 961 350 1018 predictus
379 961 577 1004 dominus
607 959 902 1003 LAURENCIUS
933 963 976 1002 et
1004 960 1178 1003 heredes
1209 960 1275 1003 sui
1305 961 1494 1017 predicta
1514 961 1754 1018 messuagia
1775 965 1818 1005 et
1836 965 1969 1006 terras
1989 979 2086 1007 cum

136 1053 222 1096 suis
241 1052 516 1109 pertinenciis
535 1052 714 1108 prefatis
734 1051 974 1095 NICHOLAO
995 1051 1218 1094 ISABELLE
1247 1051 1415 1094 ΤΗΟΜΕ
1437 1051 1467 1095 J
1469 1066 1647 1095 OHANNI
1668 1055 1711 1095 et
1724 1053 2012 1096 MARGARETE
2033 1055 2088 1097 ad

138 1145 372 1188 terminum
412 1145 499 1188 vite
538 1160 684 1187 eorum
723 1149 773 1187 ut
813 1144 1052 1201 predictum
1092 1149 1155 1187 est
1193 1144 1240 1186 in
1279 1144 1418 1186 forma
1457 1144 1647 1200 predicta
1678 1145 2017 1188 warantizabunt
2048 1149 2091 1188 et

139 1236 384 1278 defendent.
460 1235 517 1278 In
558 1236 680 1292 cujus
715 1235 776 1277 rei
818 1235 1111 1278 testimonium
1140 1234 1406 1291 presentibus
1444 1235 1686 1278 indenturis
1725 1238 1867 1292 partes
1905 1236 2090 1292 predicte

137 1328 281 1384 sigilla
301 1343 378 1370 sua
397 1327 643 1370 alternatim
664 1329 963 1383 apposuerunt.
1026 1325 1130 1369 Hiis
1150 1325 1330 1369 testibus
1347 1360 1355 1368 .
1374 1325 1404 1369 J
1406 1340 1595 1368 OHANNE
1617 1326 1803 1369 Rossm
1827 1361 1835 1369 .
1860 1325 2091 1369 GILBERTO

140 1418 450 1461 TURBERVYLE
505 1418 535 1461 J
537 1432 725 1460 OHANNE
748 1416 971 1461 WILLIAM
994 1451 1003 1460 .
1027 1419 1070 1459 et
1090 1417 1197 1459 aliis.

198 1510 315 1553 Data
345 1511 461 1566 apud
490 1510 857 1552 MARTHELMAUR
886 1509 955 1551 die
986 1511 1028 1551 et
1058 1524 1171 1551 anno
1201 1508 1465 1564 supradictis.
1527 1508 1588 1550 Et
1617 1508 1798 1564 predicti
1828 1508 2093 1552 NICHOLAUS

139 1601 364 1644 ISABELLA
385 1600 575 1644 THOMAS
596 1600 626 1644 J
628 1614 839 1643 OHANNES
860 1603 903 1643 et
922 1599 1215 1642 MARGARETA
1236 1602 1360 1642 erunt
1391 1599 1663 1656 steinpneure
1693 1600 1740 1642 in
1769 1599 2016 1642 molendino
2036 1600 2090 1642 de

142 1693 510 1736 MARTHELMAUR
530 1692 773 1748 ubicunque
794 1691 1090 1735 crescentibus.

201 1785 497 1828 Endorsed—‘
516 1784 645 1827 Carta
696 1783 898 1826 Nicholai
962 1782 1104 1825 Sonde
1167 1797 1243 1838 pro
1292 1781 1475 1824 termino
1526 1782 1612 1825 vite
1661 1783 1714 1824 de
1763 1782 2000 1838 messuagio
2049 1781 2096 1824 in

143 1876 485 1919 Marthelmaur.'

201 1967 293 2011 The
321 1968 407 2010 seal
430 1967 468 2010 is
494 1967 541 2010 in
568 1967 644 2010 red
671 1981 780 2018 wax,
811 1965 991 2022 bearing
1022 1980 1048 2007 a
1077 1965 1214 2007 shield
1245 1965 1290 2008 of
1316 1964 1389 2007 the
1419 1979 1531 2007 arms
1561 1964 1606 2008 of
1635 1964 1915 2016 Berkerolles‚
1943 1963 2039 2016 viz„
2071 1979 2096 2006 a

143 2059 326 2102 chevron
346 2059 537 2102 between
557 2058 676 2101 three
698 2060 916 2109 cmscents,
938 2057 1091 2099 within
1113 2072 1138 2098 a
1157 2057 1284 2113 panel
1306 2056 1352 2099 of
1371 2059 1550 2111 tracery.

205 2151 437 2189 ‘Steinpneure
460 2160 495 2180 or
518 2150 749 2188 Stempneure’
775 2149 802 2179 is
826 2149 978 2179 rendered
1003 2149 1155 2178 ‘libertas
1185 2147 1358 2186 multurae,’
1383 2147 1566 2185 stone-free,
1589 2147 1647 2185 i.e.‚
1670 2148 1736 2177 free
1758 2147 1842 2176 from
1870 2146 1994 2185 paying
2021 2155 2086 2185 any

154 2207 272 2245 charge
286 2208 338 2237 for
352 2207 506 2245 grinding
520 2207 604 2236 their
618 2215 695 2236 corn
709 2210 745 2235 at
760 2206 816 2235 the
831 2204 929 2235 lord‘s
946 2204 1025 2234 mill.
