2386 3645
290 271 401 314 1332

1049 858 1354 905 MXXXVII.

231 983 610 1030 QUIT-OLMM
674 984 761 1028 BY
823 985 1128 1038 RIGHARD,
1186 985 1304 1028 SON
1356 985 1434 1028 OF
1495 983 1785 1028 RIOHARD
1836 983 2179 1037 SOURLAGE‚

374 1074 452 1117 OF
491 1074 582 1118 AN
622 1075 923 1119 ANNUITY
956 1076 1034 1119 OF
1085 1075 1361 1120 TWENTY
1401 1074 1755 1128 SHILLINGS,
1790 1074 1865 1116 TO
1902 1074 2181 1118 MARGAM

373 1165 604 1209 ABBEY.

946 1224 1174 1279 [MARGAM
1206 1223 1465 1281 CHARTER]

730 1331 806 1374 SS.
839 1331 987 1375 SIMON
1018 1347 1111 1374 AND
1141 1331 1277 1376 JUDE.
1339 1332 1395 1374 28
1428 1331 1530 1375 Ocrr.
1591 1333 1646 1374 46
1678 1332 1806 1374 Enw.
1840 1330 1932 1373 III.
1997 1332 2121 1374 1372.

285 1439 504 1483 Noveritis
535 1440 721 1483 universi
757 1442 870 1497 quod.
905 1456 984 1497 ego
1018 1440 1249 1483 RloARDUs
1285 1440 1520 1483 SCURLAGE
1558 1440 1672 1483 filius
1707 1440 1904 1482 RmARm
1945 1440 2181 1484 SCURLAGE

226 1530 369 1574 remisi
388 1531 578 1574 relaxavi
599 1534 642 1573 et
663 1532 836 1574 omnino
857 1547 933 1588 pro
954 1546 1021 1574 me
1043 1535 1086 1574 et
1105 1532 1331 1574 heredibus
1350 1532 1456 1575 meis
1477 1532 1670 1588 quietum
1691 1531 1870 1574 o1amavi
1891 1534 2031 1574 totum
2047 1531 2118 1588 jus
2138 1534 2181 1574 et

229 1622 430 1664 clamium
452 1623 566 1678 quod
586 1622 719 1664 habui
739 1622 873 1665 habeo
895 1637 969 1665 seu
990 1623 1264 1678 quovismodo
1284 1623 1331 1665 in
1351 1626 1567 1679 posterum
1587 1622 1743 1665 habere
1773 1628 1919 1678 potero
1948 1622 1995 1664 in
2029 1622 2183 1679 viginti

227 1712 373 1754 solidis
407 1727 510 1768 quos
541 1713 672 1756 michi
705 1712 834 1756 abbas
867 1716 908 1755 et
940 1716 1174 1756 conventus
1203 1714 1256 1756 de
1282 1713 1486 1755 MARGAN
1516 1713 1741 1755 annuatim
1771 1714 1946 1756 reddere
1975 1713 2178 1756 solebant.

226 1802 299 1845 Ita
332 1804 458 1859 plane
495 1804 609 1859 quod
644 1819 724 1860 ego
754 1819 831 1846 nec
871 1803 1046 1846 heredes
1081 1804 1166 1846 mei
1206 1819 1283 1846 nec
1323 1804 1477 1860 aliquis
1513 1805 1622 1846 alius
1655 1805 1828 1847 nomine
1862 1807 2005 1847 nostro
2036 1804 2109 1861 jus
2140 1806 2183 1846 et

229 1894 430 1937 clamium
450 1895 497 1936 in
518 1894 643 1937 dictis
663 1895 820 1951 viginti
842 1895 986 1937 solidis
1007 1896 1060 1937 de
1079 1895 1279 1950 predictis
1299 1895 1452 1938 abbate
1474 1898 1515 1937 et
1536 1898 1748 1937 conventu
1764 1896 1956 1937 decetero
1977 1896 2147 1951 exigere
2171 1930 2179 1937 .

229 1989 305 2028 aut
344 1986 567 2028 vendicare
607 1987 840 2042 poterimus
882 2021 890 2029 .
929 1989 991 2028 set
1030 1986 1084 2029 ab
1124 1987 1241 2029 omni
1280 1987 1447 2029 accione
1488 1986 1597 2042 juris
1638 1991 1680 2028 et
1721 1986 1861 2028 clamii
1898 1987 2185 2042 predictorum

228 2078 460 2120 solidorum
487 2092 562 2133 per
589 2080 803 2133 presentes
828 2078 958 2120 simus
985 2078 1145 2120 exclusi
1172 2078 1218 2120 in
1247 2080 1515 2134 perpetuum.
1576 2077 1632 2120 In
1661 2078 1785 2134 cujus
1812 2078 1873 2120 rei
1892 2077 2186 2121 testimonium

230 2168 418 2224 presenti
438 2168 695 2211 relaxacioni
716 2168 907 2225 sigillum
927 2183 1071 2211 meum
1087 2169 1277 2225 apposui.
1339 2167 1442 2211 Hiis
1462 2168 1641 2211 testibus
1664 2202 1672 2211 .
1697 2169 1910 2211 ROBERTo
1925 2184 1979 2225 ap
1996 2169 2186 2212 THOMAS

232 2261 373 2303 locum
409 2263 582 2302 tenente
622 2261 674 2302 de
707 2259 893 2303 Gowfflz’
928 2294 936 2302 .
970 2261 1175 2303 RmARno
1217 2260 1363 2303 Gom
1403 2259 1561 2303 ibidem
1596 2264 1809 2317 receptore
1842 2294 1850 2302 .
1883 2260 1913 2303 J
1916 2275 2104 2303 OHANNE
2135 2263 2188 2303 de

234 2350 384 2394 SWEN'
409 2385 417 2393 .
443 2351 656 2393 Romano
677 2352 730 2393 de
750 2351 990 2393 PENBRIDE
1014 2385 1022 2394 .
1046 2351 1076 2394 J
1079 2365 1266 2393 OHANNE
1289 2350 1488 2393 HURTON
1511 2356 1553 2393 et
1574 2352 1721 2394 multis
1748 2351 1853 2394 aliis.

293 2443 459 2485 Datum
481 2443 595 2498 apud
615 2441 870 2485 LANGROUE
892 2443 961 2484 die
983 2443 1270 2498 apostolorum
1296 2441 1484 2485 SIMON1S
1506 2447 1548 2485 et
1578 2443 1607 2486 J
1612 2458 1701 2486 ΗΒΕ
1725 2477 1733 2486 .
1757 2459 1870 2486 anno
1901 2444 2024 2500 regni
2056 2443 2190 2500 Regis

237 2536 464 2578 EDWARDI
485 2536 602 2578 tertii
623 2540 718 2592 post
739 2542 1015 2593 conquestum
1036 2551 1157 2579 XLVI.

298 2627 396 2670 Sea]
417 2641 539 2683 gone.
