<?xml version="1.0" encoding="UTF-8"?>
<!DOCTYPE html PUBLIC "-//W3C//DTD XHTML 1.0 Transitional//EN"
    "http://www.w3.org/TR/xhtml1/DTD/xhtml1-transitional.dtd">
<html xmlns="http://www.w3.org/1999/xhtml" xml:lang="en" lang="en">
 <head>
  <title>
</title>
<meta http-equiv="Content-Type" content="text/html;charset=utf-8" />
  <meta name='ocr-system' content='tesseract 3.04.00' />
  <meta name='ocr-capabilities' content='ocr_page ocr_carea ocr_par ocr_line ocrx_word'/>
</head>
<body>
  <div class='ocr_page' id='page_1' title='image "./cartaeetaliamuni04claruoft_0021.png"; bbox 0 0 2386 3645; ppageno 0'>
   <div class='ocr_carea' id='block_1_1' title="bbox 1889 288 1999 332">
    <p class='ocr_par' dir='ltr' id='par_1_1' title="bbox 1889 288 1999 332">
     <span class='ocr_line' id='line_1_1' title="bbox 1889 288 1999 332; baseline 0 -1"><span class='ocrx_word' id='word_1_1' title='bbox 1889 288 1999 332; x_wconf 83' lang='lat'>1183</span> 
     </span>
    </p>
   </div>
   <div class='ocr_carea' id='block_1_2' title="bbox 108 485 2066 2095">
    <p class='ocr_par' dir='ltr' id='par_1_2' title="bbox 111 485 2059 995">
     <span class='ocr_line' id='line_1_2' title="bbox 113 485 2053 545; baseline 0.004 -15"><span class='ocrx_word' id='word_1_2' title='bbox 113 486 282 530; x_wconf 75' lang='lat' dir='ltr'>THOMA</span> <span class='ocrx_word' id='word_1_3' title='bbox 302 486 355 527; x_wconf 85' lang='lat' dir='ltr'>de</span> <span class='ocrx_word' id='word_1_4' title='bbox 375 486 418 527; x_wconf 85' lang='lat' dir='ltr'>la</span> <span class='ocrx_word' id='word_1_5' title='bbox 433 485 565 527; x_wconf 69' lang='lat' dir='ltr'>Bmm</span> <span class='ocrx_word' id='word_1_6' title='bbox 586 499 732 527; x_wconf 87' lang='lat' dir='ltr'>eorum</span> <span class='ocrx_word' id='word_1_7' title='bbox 747 485 846 527; x_wconf 87' lang='lat' dir='ltr'>filiis</span> <span class='ocrx_word' id='word_1_8' title='bbox 862 488 904 527; x_wconf 87' lang='lat' dir='ltr'>et</span> <span class='ocrx_word' id='word_1_9' title='bbox 924 485 1019 528; x_wconf 85' lang='lat' dir='ltr'>aliis</span> <span class='ocrx_word' id='word_1_10' title='bbox 1034 485 1176 528; x_wconf 87' lang='lat' dir='ltr'>liberis</span> <span class='ocrx_word' id='word_1_11' title='bbox 1193 487 1279 529; x_wconf 79' lang='lat' dir='ltr'>suis</span> <span class='ocrx_word' id='word_1_12' title='bbox 1311 521 1319 529; x_wconf 89' lang='lat'>.</span> <span class='ocrx_word' id='word_1_13' title='bbox 1353 487 1414 530; x_wconf 87' lang='lat' dir='ltr'>Et</span> <span class='ocrx_word' id='word_1_14' title='bbox 1433 504 1509 545; x_wconf 93' lang='lat' dir='ltr'>pro</span> <span class='ocrx_word' id='word_1_15' title='bbox 1529 490 1624 533; x_wconf 87' lang='lat' dir='ltr'>aliis</span> <span class='ocrx_word' id='word_1_16' title='bbox 1644 492 1840 535; x_wconf 88' lang='lat' dir='ltr'>omnibus</span> <span class='ocrx_word' id='word_1_17' title='bbox 1858 493 2053 537; x_wconf 82' lang='lat' dir='ltr'>benefac·</span> 
     </span>
     <span class='ocr_line' id='line_1_3' title="bbox 113 575 2055 640; baseline 0.004 -20"><span class='ocrx_word' id='word_1_18' title='bbox 113 576 276 620; x_wconf 90' lang='lat' dir='ltr'>toribus</span> <span class='ocrx_word' id='word_1_19' title='bbox 303 576 406 618; x_wconf 81' lang='lat' dir='ltr'>dicti</span> <span class='ocrx_word' id='word_1_20' title='bbox 434 575 655 632; x_wconf 82' lang='lat' dir='ltr'>hospitalis</span> <span class='ocrx_word' id='word_1_21' title='bbox 685 575 759 631; x_wconf 92' lang='lat' dir='ltr'>qui</span> <span class='ocrx_word' id='word_1_22' title='bbox 786 575 832 618; x_wconf 88' lang='lat' dir='ltr'>in</span> <span class='ocrx_word' id='word_1_23' title='bbox 862 575 1117 620; x_wconf 78' lang='lat' dir='ltr'>fundacione</span> <span class='ocrx_word' id='word_1_24' title='bbox 1139 579 1450 622; x_wconf 86' lang='lat' dir='ltr'>construccione</span> <span class='ocrx_word' id='word_1_25' title='bbox 1470 582 1514 623; x_wconf 87' lang='lat' dir='ltr'>et</span> <span class='ocrx_word' id='word_1_26' title='bbox 1533 582 1842 625; x_wconf 83' lang='lat' dir='ltr'>sustentacione</span> <span class='ocrx_word' id='word_1_27' title='bbox 1863 584 2055 640; x_wconf 77' lang='lat' dir='ltr'>ejusdem</span> 
     </span>
     <span class='ocr_line' id='line_1_4' title="bbox 114 666 2056 728; baseline 0.004 -17"><span class='ocrx_word' id='word_1_28' title='bbox 114 666 335 724; x_wconf 88' lang='lat' dir='ltr'>hospitalis</span> <span class='ocrx_word' id='word_1_29' title='bbox 355 669 398 709; x_wconf 86' lang='lat' dir='ltr'>et</span> <span class='ocrx_word' id='word_1_30' title='bbox 419 667 669 723; x_wconf 86' lang='lat' dir='ltr'>degentium</span> <span class='ocrx_word' id='word_1_31' title='bbox 688 666 734 708; x_wconf 90' lang='lat' dir='ltr'>in</span> <span class='ocrx_word' id='word_1_32' title='bbox 760 667 908 709; x_wconf 87' lang='lat' dir='ltr'>eodem</span> <span class='ocrx_word' id='word_1_33' title='bbox 929 682 1081 710; x_wconf 89' lang='lat' dir='ltr'>manus</span> <span class='ocrx_word' id='word_1_34' title='bbox 1107 673 1395 724; x_wconf 88' lang='lat' dir='ltr'>apposuerunt</span> <span class='ocrx_word' id='word_1_35' title='bbox 1424 671 1654 728; x_wconf 76' lang='lat' dir='ltr'>adjutrices</span> <span class='ocrx_word' id='word_1_36' title='bbox 1680 673 1726 715; x_wconf 89' lang='lat' dir='ltr'>in</span> <span class='ocrx_word' id='word_1_37' title='bbox 1750 674 1887 717; x_wconf 88' lang='lat' dir='ltr'>missis</span> <span class='ocrx_word' id='word_1_38' title='bbox 1907 677 1993 719; x_wconf 89' lang='lat' dir='ltr'>suis</span> <span class='ocrx_word' id='word_1_39' title='bbox 2012 682 2056 720; x_wconf 83' lang='lat' dir='ltr'>et</span> 
     </span>
     <span class='ocr_line' id='line_1_5' title="bbox 112 757 2059 818; baseline 0.005 -18"><span class='ocrx_word' id='word_1_40' title='bbox 112 758 208 800; x_wconf 82' lang='lat' dir='ltr'>aliis</span> <span class='ocrx_word' id='word_1_41' title='bbox 235 757 509 800; x_wconf 84' lang='lat' dir='ltr'>devotionum</span> <span class='ocrx_word' id='word_1_42' title='bbox 536 757 752 813; x_wconf 83' lang='lat' dir='ltr'>suffragiis</span> <span class='ocrx_word' id='word_1_43' title='bbox 779 757 1015 813; x_wconf 75' lang='lat' dir='ltr'>specialiter</span> <span class='ocrx_word' id='word_1_44' title='bbox 1043 761 1163 801; x_wconf 88' lang='lat' dir='ltr'>orent</span> <span class='ocrx_word' id='word_1_45' title='bbox 1191 763 1233 801; x_wconf 91' lang='lat' dir='ltr'>et</span> <span class='ocrx_word' id='word_1_46' title='bbox 1261 760 1470 803; x_wconf 79' lang='lat' dir='ltr'>instanter</span> <span class='ocrx_word' id='word_1_47' title='bbox 1501 762 1612 818; x_wconf 89' lang='lat' dir='ltr'>ipsos</span> <span class='ocrx_word' id='word_1_48' title='bbox 1642 762 1736 806; x_wconf 87' lang='lat' dir='ltr'>Deo</span> <span class='ocrx_word' id='word_1_49' title='bbox 1761 767 2059 811; x_wconf 87' lang='lat' dir='ltr'>recomendent</span> 
     </span>
     <span class='ocr_line' id='line_1_6' title="bbox 113 847 2059 912; baseline 0.005 -21"><span class='ocrx_word' id='word_1_50' title='bbox 113 849 217 892; x_wconf 89' lang='lat' dir='ltr'>dum</span> <span class='ocrx_word' id='word_1_51' title='bbox 237 848 283 890; x_wconf 88' lang='lat' dir='ltr'>in</span> <span class='ocrx_word' id='word_1_52' title='bbox 304 848 416 890; x_wconf 81' lang='lat' dir='ltr'>dicto</span> <span class='ocrx_word' id='word_1_53' title='bbox 436 847 638 903; x_wconf 83' lang='lat' dir='ltr'>hospitali</span> <span class='ocrx_word' id='word_1_54' title='bbox 658 847 842 890; x_wconf 78' lang='lat' dir='ltr'>vixerint</span> <span class='ocrx_word' id='word_1_55' title='bbox 863 851 937 890; x_wconf 85' lang='lat' dir='ltr'>aut</span> <span class='ocrx_word' id='word_1_56' title='bbox 962 849 1015 891; x_wconf 90' lang='lat' dir='ltr'>de</span> <span class='ocrx_word' id='word_1_57' title='bbox 1042 848 1164 892; x_wconf 89' lang='lat' dir='ltr'>bonis</span> <span class='ocrx_word' id='word_1_58' title='bbox 1191 850 1384 906; x_wconf 87' lang='lat' dir='ltr'>ejusdem</span> <span class='ocrx_word' id='word_1_59' title='bbox 1411 853 1636 895; x_wconf 86' lang='lat' dir='ltr'>sustentati</span> <span class='ocrx_word' id='word_1_60' title='bbox 1663 853 1825 897; x_wconf 79' lang='lat' dir='ltr'>fuerint</span> <span class='ocrx_word' id='word_1_61' title='bbox 1844 858 2059 912; x_wconf 78' lang='lat' dir='ltr'>perpetuis</span> 
     </span>
     <span class='ocr_line' id='line_1_7' title="bbox 111 938 636 995; baseline -0.004 -13"><span class='ocrx_word' id='word_1_62' title='bbox 111 938 372 995; x_wconf 86' lang='lat' dir='ltr'>temporibus</span> <span class='ocrx_word' id='word_1_63' title='bbox 390 938 636 994; x_wconf 78' lang='lat' dir='ltr'>profuturis.</span> 
     </span>
    </p>

    <p class='ocr_par' dir='ltr' id='par_1_3' title="bbox 108 1028 2066 1900">
     <span class='ocr_line' id='line_1_8' title="bbox 170 1028 2059 1087; baseline 0.005 -15"><span class='ocrx_word' id='word_1_64' title='bbox 170 1029 259 1072; x_wconf 84' lang='lat' dir='ltr'>Sub</span> <span class='ocrx_word' id='word_1_65' title='bbox 294 1028 504 1071; x_wconf 82' lang='lat' dir='ltr'>consimili</span> <span class='ocrx_word' id='word_1_66' title='bbox 544 1028 673 1071; x_wconf 82' lang='lat' dir='ltr'>etiam</span> <span class='ocrx_word' id='word_1_67' title='bbox 709 1028 846 1071; x_wconf 80' lang='lat' dir='ltr'>forma</span> <span class='ocrx_word' id='word_1_68' title='bbox 885 1033 928 1072; x_wconf 89' lang='lat' dir='ltr'>et</span> <span class='ocrx_word' id='word_1_69' title='bbox 968 1031 1192 1073; x_wconf 86' lang='lat' dir='ltr'>devotione</span> <span class='ocrx_word' id='word_1_70' title='bbox 1231 1046 1307 1087; x_wconf 84' lang='lat' dir='ltr'>pro</span> <span class='ocrx_word' id='word_1_71' title='bbox 1346 1032 1570 1076; x_wconf 84' lang='lat' dir='ltr'>animabus</span> <span class='ocrx_word' id='word_1_72' title='bbox 1610 1033 1835 1078; x_wconf 68' lang='lat' dir='ltr'>GALme</span> <span class='ocrx_word' id='word_1_73' title='bbox 1876 1037 1978 1079; x_wconf 77' lang='lat' dir='ltr'>DoN</span> <span class='ocrx_word' id='word_1_74' title='bbox 2016 1044 2059 1082; x_wconf 86' lang='lat' dir='ltr'>et</span> 
     </span>
     <span class='ocr_line' id='line_1_9' title="bbox 112 1119 2062 1177; baseline 0.005 -14"><span class='ocrx_word' id='word_1_75' title='bbox 112 1120 347 1164; x_wconf 83' lang='lat' dir='ltr'>ISABELLAE</span> <span class='ocrx_word' id='word_1_76' title='bbox 368 1121 421 1162; x_wconf 84' lang='lat' dir='ltr'>de</span> <span class='ocrx_word' id='word_1_77' title='bbox 442 1119 581 1162; x_wconf 80' lang='lat' dir='ltr'>NETH</span> <span class='ocrx_word' id='word_1_78' title='bbox 602 1120 753 1163; x_wconf 87' lang='lat' dir='ltr'>sororis</span> <span class='ocrx_word' id='word_1_79' title='bbox 780 1136 867 1163; x_wconf 85' lang='lat' dir='ltr'>suae</span> <span class='ocrx_word' id='word_1_80' title='bbox 892 1124 936 1163; x_wconf 91' lang='lat' dir='ltr'>et</span> <span class='ocrx_word' id='word_1_81' title='bbox 960 1137 1037 1177; x_wconf 88' lang='lat' dir='ltr'>pro</span> <span class='ocrx_word' id='word_1_82' title='bbox 1064 1122 1287 1165; x_wconf 85' lang='lat' dir='ltr'>animabus</span> <span class='ocrx_word' id='word_1_83' title='bbox 1318 1124 1510 1167; x_wconf 85' lang='lat' dir='ltr'>omnium</span> <span class='ocrx_word' id='word_1_84' title='bbox 1540 1125 1730 1168; x_wconf 88' lang='lat' dir='ltr'>fidelium</span> <span class='ocrx_word' id='word_1_85' title='bbox 1763 1127 2062 1172; x_wconf 81' lang='lat' dir='ltr'>defunctorum</span> 
     </span>
     <span class='ocr_line' id='line_1_10' title="bbox 113 1211 2061 1275; baseline 0.004 -20"><span class='ocrx_word' id='word_1_86' title='bbox 113 1215 311 1268; x_wconf 85' lang='lat' dir='ltr'>satagant</span> <span class='ocrx_word' id='word_1_87' title='bbox 360 1211 691 1254; x_wconf 80' lang='lat' dir='ltr'>misericordiam</span> <span class='ocrx_word' id='word_1_88' title='bbox 740 1212 875 1254; x_wconf 86' lang='lat' dir='ltr'>nostri</span> <span class='ocrx_word' id='word_1_89' title='bbox 924 1213 1203 1269; x_wconf 86' lang='lat' dir='ltr'>redemptoris</span> <span class='ocrx_word' id='word_1_90' title='bbox 1251 1213 1415 1270; x_wconf 79' lang='lat' dir='ltr'>jugiter</span> <span class='ocrx_word' id='word_1_91' title='bbox 1463 1215 1702 1272; x_wconf 82' lang='lat' dir='ltr'>implorare.</span> <span class='ocrx_word' id='word_1_92' title='bbox 1784 1218 1840 1261; x_wconf 87' lang='lat' dir='ltr'>In</span> <span class='ocrx_word' id='word_1_93' title='bbox 1881 1234 2061 1275; x_wconf 88' lang='lat' dir='ltr'>quorum</span> 
     </span>
     <span class='ocr_line' id='line_1_11' title="bbox 112 1302 2062 1363; baseline 0.004 -17"><span class='ocrx_word' id='word_1_94' title='bbox 112 1302 305 1346; x_wconf 88' lang='lat' dir='ltr'>omnium</span> <span class='ocrx_word' id='word_1_95' title='bbox 325 1303 625 1358; x_wconf 86' lang='lat' dir='ltr'>premissorum</span> <span class='ocrx_word' id='word_1_96' title='bbox 645 1303 938 1345; x_wconf 85' lang='lat' dir='ltr'>testimonium</span> <span class='ocrx_word' id='word_1_97' title='bbox 959 1304 1149 1360; x_wconf 86' lang='lat' dir='ltr'>sigillum</span> <span class='ocrx_word' id='word_1_98' title='bbox 1169 1308 1362 1348; x_wconf 82' lang='lat' dir='ltr'>nostrum</span> <span class='ocrx_word' id='word_1_99' title='bbox 1382 1321 1469 1349; x_wconf 90' lang='lat' dir='ltr'>una</span> <span class='ocrx_word' id='word_1_100' title='bbox 1490 1322 1586 1350; x_wconf 89' lang='lat' dir='ltr'>cum</span> <span class='ocrx_word' id='word_1_101' title='bbox 1602 1308 1755 1363; x_wconf 74' lang='lat' dir='ltr'>sigillis</span> <span class='ocrx_word' id='word_1_102' title='bbox 1768 1311 2062 1354; x_wconf 88' lang='lat' dir='ltr'>communibus</span> 
     </span>
     <span class='ocr_line' id='line_1_12' title="bbox 108 1393 2062 1453; baseline 0.004 -16"><span class='ocrx_word' id='word_1_103' title='bbox 108 1393 284 1450; x_wconf 85' lang='lat' dir='ltr'>capituli</span> <span class='ocrx_word' id='word_1_104' title='bbox 334 1393 516 1436; x_wconf 70' lang='lat' dir='ltr'>ecclesiae</span> <span class='ocrx_word' id='word_1_105' title='bbox 567 1396 722 1436; x_wconf 79' lang='lat' dir='ltr'>nostrae</span> <span class='ocrx_word' id='word_1_106' title='bbox 771 1394 1070 1438; x_wconf 80' lang='lat' dir='ltr'>MENEVENSIS</span> <span class='ocrx_word' id='word_1_107' title='bbox 1121 1398 1162 1438; x_wconf 89' lang='lat' dir='ltr'>et</span> <span class='ocrx_word' id='word_1_108' title='bbox 1222 1396 1326 1439; x_wconf 83' lang='lat' dir='ltr'>dicti</span> <span class='ocrx_word' id='word_1_109' title='bbox 1378 1396 1598 1453; x_wconf 89' lang='lat' dir='ltr'>hospitalis</span> <span class='ocrx_word' id='word_1_110' title='bbox 1647 1397 1761 1441; x_wconf 88' lang='lat' dir='ltr'>beati</span> <span class='ocrx_word' id='word_1_111' title='bbox 1810 1400 1966 1443; x_wconf 60' lang='lat' dir='ltr'>Dmm</span> <span class='ocrx_word' id='word_1_112' title='bbox 2006 1403 2062 1445; x_wconf 86' lang='lat' dir='ltr'>de</span> 
     </span>
     <span class='ocr_line' id='line_1_13' title="bbox 113 1483 2064 1541; baseline 0.005 -15"><span class='ocrx_word' id='word_1_113' title='bbox 113 1483 463 1540; x_wconf 80' lang='lat' dir='ltr'>SWEYNES[EYE]</span> <span class='ocrx_word' id='word_1_114' title='bbox 496 1484 761 1540; x_wconf 86' lang='lat' dir='ltr'>presentibus</span> <span class='ocrx_word' id='word_1_115' title='bbox 781 1488 844 1527; x_wconf 87' lang='lat' dir='ltr'>est</span> <span class='ocrx_word' id='word_1_116' title='bbox 871 1501 1118 1541; x_wconf 85' lang='lat' dir='ltr'>appensum.</span> <span class='ocrx_word' id='word_1_117' title='bbox 1180 1487 1284 1530; x_wconf 86' lang='lat' dir='ltr'>Hiis</span> <span class='ocrx_word' id='word_1_118' title='bbox 1303 1488 1482 1532; x_wconf 88' lang='lat' dir='ltr'>testibus</span> <span class='ocrx_word' id='word_1_119' title='bbox 1505 1523 1512 1531; x_wconf 96' lang='lat'>.</span> <span class='ocrx_word' id='word_1_120' title='bbox 1536 1489 1750 1533; x_wconf 89' lang='lat' dir='ltr'>nobilibus</span> <span class='ocrx_word' id='word_1_121' title='bbox 1770 1491 1871 1534; x_wconf 83' lang='lat' dir='ltr'>viris</span> <span class='ocrx_word' id='word_1_122' title='bbox 1891 1493 2064 1537; x_wconf 88' lang='lat' dir='ltr'>domino</span> 
     </span>
     <span class='ocr_line' id='line_1_14' title="bbox 111 1575 2066 1628; baseline 0.004 -9"><span class='ocrx_word' id='word_1_123' title='bbox 111 1575 331 1619; x_wconf 82' lang='lat' dir='ltr'><strong>JOHANNE</strong></span> <span class='ocrx_word' id='word_1_124' title='bbox 372 1576 424 1617; x_wconf 92' lang='lat' dir='ltr'>de</span> <span class='ocrx_word' id='word_1_125' title='bbox 474 1575 644 1617; x_wconf 80' lang='lat' dir='ltr'>BOHUN</span> <span class='ocrx_word' id='word_1_126' title='bbox 681 1576 832 1618; x_wconf 89' lang='lat' dir='ltr'>comite</span> <span class='ocrx_word' id='word_1_127' title='bbox 865 1576 1170 1620; x_wconf 80' lang='lat' dir='ltr'><strong>HEREFORDIF.</strong></span> <span class='ocrx_word' id='word_1_128' title='bbox 1214 1614 1221 1622; x_wconf 91' lang='lat'><strong><em>.</em></strong></span> <span class='ocrx_word' id='word_1_129' title='bbox 1266 1580 1449 1622; x_wconf 82' lang='lat' dir='ltr'>dominis</span> <span class='ocrx_word' id='word_1_130' title='bbox 1488 1581 1707 1624; x_wconf 78' lang='lat' dir='ltr'><strong>JOHANNE</strong></span> <span class='ocrx_word' id='word_1_131' title='bbox 1748 1584 1801 1626; x_wconf 89' lang='lat' dir='ltr'>de</span> <span class='ocrx_word' id='word_1_132' title='bbox 1835 1583 2066 1628; x_wconf 63' lang='lat' dir='ltr'>Monssssu</span> 
     </span>
     <span class='ocr_line' id='line_1_15' title="bbox 110 1665 2062 1720; baseline 0.006 -13"><span class='ocrx_word' id='word_1_133' title='bbox 110 1666 284 1709; x_wconf 86' lang='lat' dir='ltr'>domino</span> <span class='ocrx_word' id='word_1_134' title='bbox 325 1665 583 1709; x_wconf 81' lang='lat' dir='ltr'>GOUHERIAE</span> <span class='ocrx_word' id='word_1_135' title='bbox 617 1701 625 1709; x_wconf 92' lang='lat'>.</span> <span class='ocrx_word' id='word_1_136' title='bbox 658 1667 894 1710; x_wconf 84' lang='lat' dir='ltr'><strong>EDWARDO</strong></span> <span class='ocrx_word' id='word_1_137' title='bbox 933 1670 986 1712; x_wconf 90' lang='lat' dir='ltr'>de</span> <span class='ocrx_word' id='word_1_138' title='bbox 1026 1669 1196 1712; x_wconf 73' lang='lat' dir='ltr'>Bomm</span> <span class='ocrx_word' id='word_1_139' title='bbox 1233 1670 1403 1714; x_wconf 88' lang='lat' dir='ltr'>Barone</span> <span class='ocrx_word' id='word_1_140' title='bbox 1445 1706 1453 1714; x_wconf 91' lang='lat'><strong>.</strong></span> <span class='ocrx_word' id='word_1_141' title='bbox 1492 1671 1705 1716; x_wconf 72' lang='lat' dir='ltr'>Rommo</span> <span class='ocrx_word' id='word_1_142' title='bbox 1745 1675 1798 1716; x_wconf 89' lang='lat' dir='ltr'>de</span> <span class='ocrx_word' id='word_1_143' title='bbox 1839 1674 2020 1719; x_wconf 65' lang='lat' dir='ltr'><strong>PENRYS</strong></span> <span class='ocrx_word' id='word_1_144' title='bbox 2053 1711 2062 1720; x_wconf 88' lang='lat'>.</span> 
     </span>
     <span class='ocr_line' id='line_1_16' title="bbox 111 1755 2061 1809; baseline 0.005 -9"><span class='ocrx_word' id='word_1_145' title='bbox 111 1756 330 1800; x_wconf 76' lang='lat' dir='ltr'><strong>JOHANNE</strong></span> <span class='ocrx_word' id='word_1_146' title='bbox 367 1757 420 1798; x_wconf 90' lang='lat' dir='ltr'>de</span> <span class='ocrx_word' id='word_1_147' title='bbox 461 1755 708 1800; x_wconf 76' lang='lat' dir='ltr'>LONGETON</span> <span class='ocrx_word' id='word_1_148' title='bbox 749 1758 958 1801; x_wconf 90' lang='lat' dir='ltr'>militibus</span> <span class='ocrx_word' id='word_1_149' title='bbox 991 1793 1000 1801; x_wconf 90' lang='lat'><strong>.</strong></span> <span class='ocrx_word' id='word_1_150' title='bbox 1031 1759 1236 1804; x_wconf 79' lang='lat' dir='ltr'>R1cARDo</span> <span class='ocrx_word' id='word_1_151' title='bbox 1273 1760 1446 1805; x_wconf 79' lang='lat' dir='ltr'>WOLFE</span> <span class='ocrx_word' id='word_1_152' title='bbox 1481 1796 1490 1805; x_wconf 89' lang='lat'><strong>.</strong></span> <span class='ocrx_word' id='word_1_153' title='bbox 1531 1763 1736 1806; x_wconf 71' lang='lat' dir='ltr'>RmARno</span> <span class='ocrx_word' id='word_1_154' title='bbox 1763 1766 1817 1807; x_wconf 91' lang='lat' dir='ltr'>de</span> <span class='ocrx_word' id='word_1_155' title='bbox 1847 1766 2061 1809; x_wconf 74' lang='lat' dir='ltr'>PENRYS.</span> 
     </span>
     <span class='ocr_line' id='line_1_17' title="bbox 110 1843 1936 1900; baseline 0.005 -10"><span class='ocrx_word' id='word_1_156' title='bbox 110 1846 323 1890; x_wconf 64' lang='lat' dir='ltr'>Bonnam</span> <span class='ocrx_word' id='word_1_157' title='bbox 353 1848 406 1890; x_wconf 89' lang='lat' dir='ltr'>de</span> <span class='ocrx_word' id='word_1_158' title='bbox 437 1843 635 1891; x_wconf 66' lang='lat' dir='ltr'>WEs‘1r0N</span> <span class='ocrx_word' id='word_1_159' title='bbox 668 1882 676 1891; x_wconf 88' lang='lat'><strong>.</strong></span> <span class='ocrx_word' id='word_1_160' title='bbox 710 1848 862 1892; x_wconf 78' lang='lat' dir='ltr'>PETRo</span> <span class='ocrx_word' id='word_1_161' title='bbox 893 1851 945 1893; x_wconf 88' lang='lat' dir='ltr'>de</span> <span class='ocrx_word' id='word_1_162' title='bbox 974 1851 1017 1893; x_wconf 89' lang='lat' dir='ltr'>la</span> <span class='ocrx_word' id='word_1_163' title='bbox 1046 1851 1178 1894; x_wconf 71' lang='lat' dir='ltr'>BERE</span> <span class='ocrx_word' id='word_1_164' title='bbox 1211 1887 1219 1895; x_wconf 90' lang='lat'><strong>.</strong></span> <span class='ocrx_word' id='word_1_165' title='bbox 1252 1853 1282 1896; x_wconf 88' lang='lat' dir='ltr'><strong>J</strong></span> <span class='ocrx_word' id='word_1_166' title='bbox 1284 1867 1472 1896; x_wconf 82' lang='lat' dir='ltr'><strong>OHANNE</strong></span> <span class='ocrx_word' id='word_1_167' title='bbox 1503 1854 1556 1897; x_wconf 87' lang='lat' dir='ltr'>de</span> <span class='ocrx_word' id='word_1_168' title='bbox 1586 1854 1726 1897; x_wconf 67' lang='lat' dir='ltr'>MARE</span> <span class='ocrx_word' id='word_1_169' title='bbox 1758 1860 1800 1898; x_wconf 83' lang='lat' dir='ltr'>et</span> <span class='ocrx_word' id='word_1_170' title='bbox 1830 1858 1936 1900; x_wconf 78' lang='lat' dir='ltr'>aliis.</span> 
     </span>
    </p>

    <p class='ocr_par' dir='ltr' id='par_1_4' title="bbox 110 1937 2065 2095">
     <span class='ocr_line' id='line_1_18' title="bbox 170 1937 2065 1999; baseline 0.006 -19"><span class='ocrx_word' id='word_1_171' title='bbox 170 1937 334 1981; x_wconf 82' lang='lat' dir='ltr'>Datum</span> <span class='ocrx_word' id='word_1_172' title='bbox 395 1939 511 1994; x_wconf 88' lang='lat' dir='ltr'>apud</span> <span class='ocrx_word' id='word_1_173' title='bbox 569 1939 927 1998; x_wconf 80' lang='lat' dir='ltr'>SWEYNES[EYE]</span> <span class='ocrx_word' id='word_1_174' title='bbox 981 1941 1153 1985; x_wconf 87' lang='lat' dir='ltr'>kalend&#39;</span> <span class='ocrx_word' id='word_1_175' title='bbox 1204 1943 1396 1999; x_wconf 86' lang='lat' dir='ltr'>Augusti</span> <span class='ocrx_word' id='word_1_176' title='bbox 1452 1959 1563 1988; x_wconf 86' lang='lat' dir='ltr'>anno</span> <span class='ocrx_word' id='word_1_177' title='bbox 1605 1945 1784 1989; x_wconf 89' lang='lat' dir='ltr'>Domini</span> <span class='ocrx_word' id='word_1_178' title='bbox 1839 1949 2065 1993; x_wconf 89' lang='lat' dir='ltr'>millesimo</span> 
     </span>
     <span class='ocr_line' id='line_1_19' title="bbox 110 2029 2062 2095; baseline 0.007 -24"><span class='ocrx_word' id='word_1_179' title='bbox 110 2035 236 2081; x_wconf 60' lang='lat' dir='ltr'>eccm</span> <span class='ocrx_word' id='word_1_180' title='bbox 265 2029 476 2072; x_wconf 84' lang='lat' dir='ltr'>tricesimo</span> <span class='ocrx_word' id='word_1_181' title='bbox 507 2031 688 2073; x_wconf 85' lang='lat' dir='ltr'>secundo</span> <span class='ocrx_word' id='word_1_182' title='bbox 719 2046 767 2074; x_wconf 90' lang='lat' dir='ltr'>ac</span> <span class='ocrx_word' id='word_1_183' title='bbox 797 2047 910 2075; x_wconf 87' lang='lat' dir='ltr'>anno</span> <span class='ocrx_word' id='word_1_184' title='bbox 939 2034 1064 2089; x_wconf 84' lang='lat' dir='ltr'>regni</span> <span class='ocrx_word' id='word_1_185' title='bbox 1094 2033 1228 2089; x_wconf 83' lang='lat' dir='ltr'>Regis</span> <span class='ocrx_word' id='word_1_186' title='bbox 1258 2034 1484 2078; x_wconf 78' lang='lat' dir='ltr'><strong>EDWARDI</strong></span> <span class='ocrx_word' id='word_1_187' title='bbox 1515 2037 1632 2079; x_wconf 88' lang='lat' dir='ltr'>tertii</span> <span class='ocrx_word' id='word_1_188' title='bbox 1660 2040 1756 2094; x_wconf 87' lang='lat' dir='ltr'>post</span> <span class='ocrx_word' id='word_1_189' title='bbox 1786 2043 2062 2095; x_wconf 86' lang='lat' dir='ltr'>conquestum</span> 
     </span>
    </p>
   </div>
   <div class='ocr_carea' id='block_1_3' title="bbox 109 2121 991 2180">
    <p class='ocr_par' dir='ltr' id='par_1_5' title="bbox 109 2121 991 2180">
     <span class='ocr_line' id='line_1_20' title="bbox 109 2121 991 2180; baseline 0.006 -18"><span class='ocrx_word' id='word_1_190' title='bbox 109 2123 228 2163; x_wconf 86' lang='lat' dir='ltr'>sexto</span> <span class='ocrx_word' id='word_1_191' title='bbox 248 2124 291 2163; x_wconf 91' lang='lat' dir='ltr'>et</span> <span class='ocrx_word' id='word_1_192' title='bbox 311 2121 634 2164; x_wconf 85' lang='lat' dir='ltr'>consecrationis</span> <span class='ocrx_word' id='word_1_193' title='bbox 652 2126 807 2165; x_wconf 75' lang='lat' dir='ltr'>nostrae</span> <span class='ocrx_word' id='word_1_194' title='bbox 829 2124 991 2180; x_wconf 88' lang='lat' dir='ltr'>quinto.</span> 
     </span>
    </p>
   </div>
   <div class='ocr_carea' id='block_1_4' title="bbox 120 2211 2050 2299">
    <p class='ocr_par' dir='ltr' id='par_1_6' title="bbox 120 2211 2050 2299">
     <span class='ocr_line' id='line_1_21' title="bbox 170 2211 2050 2258; baseline 0.007 -19"><span class='ocrx_word' id='word_1_195' title='bbox 170 2211 221 2240; x_wconf 78' lang='lat' dir='ltr'>No</span> <span class='ocrx_word' id='word_1_196' title='bbox 243 2211 412 2241; x_wconf 80' lang='lat' dir='ltr'>authentic</span> <span class='ocrx_word' id='word_1_197' title='bbox 434 2212 584 2250; x_wconf 79' lang='lat' dir='ltr'>pedigree</span> <span class='ocrx_word' id='word_1_198' title='bbox 605 2214 638 2242; x_wconf 79' lang='lat' dir='ltr'>of</span> <span class='ocrx_word' id='word_1_199' title='bbox 668 2214 723 2243; x_wconf 86' lang='lat' dir='ltr'>the</span> <span class='ocrx_word' id='word_1_200' title='bbox 746 2213 858 2244; x_wconf 84' lang='lat' dir='ltr'>Welsh</span> <span class='ocrx_word' id='word_1_201' title='bbox 880 2215 927 2245; x_wconf 87' lang='lat' dir='ltr'>De</span> <span class='ocrx_word' id='word_1_202' title='bbox 950 2215 979 2244; x_wconf 83' lang='lat' dir='ltr'>la</span> <span class='ocrx_word' id='word_1_203' title='bbox 1003 2216 1100 2246; x_wconf 82' lang='lat' dir='ltr'>Beres</span> <span class='ocrx_word' id='word_1_204' title='bbox 1121 2217 1179 2246; x_wconf 83' lang='lat' dir='ltr'>has</span> <span class='ocrx_word' id='word_1_205' title='bbox 1202 2218 1281 2247; x_wconf 86' lang='lat' dir='ltr'>been</span> <span class='ocrx_word' id='word_1_206' title='bbox 1305 2219 1482 2255; x_wconf 76' lang='lat' dir='ltr'>preserved.</span> <span class='ocrx_word' id='word_1_207' title='bbox 1538 2219 1630 2258; x_wconf 76' lang='lat' dir='ltr'>They</span> <span class='ocrx_word' id='word_1_208' title='bbox 1651 2230 1735 2250; x_wconf 78' lang='lat' dir='ltr'>seem</span> <span class='ocrx_word' id='word_1_209' title='bbox 1758 2224 1792 2250; x_wconf 88' lang='lat' dir='ltr'>to</span> <span class='ocrx_word' id='word_1_210' title='bbox 1814 2221 1895 2251; x_wconf 76' lang='lat' dir='ltr'>have</span> <span class='ocrx_word' id='word_1_211' title='bbox 1917 2223 1994 2252; x_wconf 85' lang='lat' dir='ltr'>been</span> <span class='ocrx_word' id='word_1_212' title='bbox 2017 2224 2050 2253; x_wconf 72' lang='lat' dir='ltr'>of</span> 
     </span>
     <span class='ocr_line' id='line_1_22' title="bbox 120 2266 674 2299; baseline 0.005 -3"><span class='ocrx_word' id='word_1_213' title='bbox 120 2266 245 2296; x_wconf 85' lang='lat' dir='ltr'>Gower.</span> <span class='ocrx_word' id='word_1_214' title='bbox 288 2267 347 2298; x_wconf 83' lang='lat' dir='ltr'>See</span> <span class='ocrx_word' id='word_1_215' title='bbox 364 2268 422 2297; x_wconf 83' lang='lat' dir='ltr'>No.</span> <span class='ocrx_word' id='word_1_216' title='bbox 440 2268 674 2299; x_wconf 85' lang='lat' dir='ltr'>DCCCXLIV.</span> 
     </span>
    </p>
   </div>
   <div class='ocr_carea' id='block_1_5' title="bbox 794 2326 1380 2367">
    <p class='ocr_par' dir='ltr' id='par_1_7' title="bbox 794 2326 1380 2367">
     <span class='ocr_line' id='line_1_23' title="bbox 794 2326 1380 2367; baseline 0.009 -12"><span class='ocrx_word' id='word_1_217' title='bbox 794 2326 843 2363; x_wconf 85' lang='lat'>(1)</span> <span class='ocrx_word' id='word_1_218' title='bbox 861 2328 890 2356; x_wconf 92' lang='lat' dir='ltr'>A</span> <span class='ocrx_word' id='word_1_219' title='bbox 908 2327 994 2357; x_wconf 79' lang='lat' dir='ltr'>word</span> <span class='ocrx_word' id='word_1_220' title='bbox 1011 2328 1159 2367; x_wconf 80' lang='lat' dir='ltr'>wanting</span> <span class='ocrx_word' id='word_1_221' title='bbox 1173 2329 1247 2359; x_wconf 84' lang='lat' dir='ltr'>here</span> <span class='ocrx_word' id='word_1_222' title='bbox 1264 2330 1296 2359; x_wconf 87' lang='lat' dir='ltr'>in</span> <span class='ocrx_word' id='word_1_223' title='bbox 1313 2330 1380 2360; x_wconf 77' lang='lat' dir='ltr'>MS.</span> 
     </span>
    </p>
   </div>
  </div>
 </body>
</html>
