2386 3645
264 257 375 299 1242

205 462 415 506 libertatis
448 463 546 505 ville
578 463 764 519 predicte
805 464 951 504 contra
991 476 1136 504 eorum
1176 461 1442 504 voluntatem
1482 462 1538 504 ad
1577 462 1721 518 aliqua
1761 462 2020 506 faciendum.
2101 462 2164 506 Et

206 554 313 596 tales
348 556 449 596 sunt
479 553 622 596 bunde
655 553 863 595 libertatis
887 568 1045 595 eorum.
1106 551 1320 595 Videlicet
1345 553 1398 595 de
1425 552 1515 595 loco
1545 557 1692 595 vocato
1723 552 2002 596 APPLEDORE
2033 553 2161 610 juxta

207 643 491 687 LISTELBONT
523 644 569 686 in
599 647 718 699 parte
748 643 901 686 boriali
930 659 1063 699 usque
1096 644 1151 686 ad
1183 643 1494 685 BRADESTREM
1534 643 1580 685 in
1621 644 1731 685 mari
1761 644 1807 686 in
1837 647 1958 700 parte
1988 645 2165 687 australi

207 739 251 778 et
271 737 324 778 de
345 735 630 778 PAYNESCRos
650 737 694 778 in
716 738 836 791 parte
858 735 1055 779 orientali
1076 749 1208 790 usque
1226 735 1280 776 ad
1296 749 1461 776 crucem
1480 734 1607 790 juxta
1627 734 1795 777 ffratres
1810 735 2092 791 predicatores
2111 735 2159 778 in

205 829 326 882 parte
362 828 623 869 occidentali.
685 827 745 869 Et
782 828 896 882 quod
930 827 1075 868 nullus
1110 828 1337 867 extraneus
1369 828 1489 866 extra
1522 824 1738 867 nundinas
1769 826 1840 868 vel
1873 826 2016 868 forum
2043 826 2159 869 infra

204 916 372 961 bundas
402 919 611 974 predictas
641 918 804 973 aliquas
834 916 1146 959 merchandisas
1170 917 1222 958 de
1251 916 1393 970 aliquo
1425 918 1626 958 extraneo
1657 918 1768 958 emet
1798 916 1882 958 nisi
1904 920 2074 959 tantum
2105 917 2159 959 de

202 1008 487 1065 burgensibus
529 1009 683 1051 nostris
726 1008 919 1064 ejusdem
956 1008 1056 1049 ville
1095 1010 1235 1062 preter
1282 1006 1465 1063 gentiles
1511 1006 1704 1049 homines
1748 1007 2036 1050 GLAMORGAN
2079 1023 2158 1064 pro

202 1100 459 1144 victualibus
501 1116 646 1142 eorum
691 1102 733 1142 et
779 1114 866 1141 non
911 1099 1075 1141 ratione
1117 1097 1403 1140 marchandie.
1477 1096 1571 1140 Nec
1614 1098 1767 1154 aliquis
1808 1101 1954 1141 teneat
1995 1100 2158 1142 celdam

198 1195 391 1247 apertam
421 1193 474 1234 de
502 1191 714 1246 aliquibus
742 1190 1045 1232 merchandisis
1073 1205 1149 1231 nec
1176 1188 1399 1231 tabernam
1429 1203 1506 1230 nec
1534 1188 1624 1230 corf
1651 1188 1780 1231 faciet
1807 1189 1853 1231 in
1880 1190 1984 1231 villa
2011 1192 2158 1233 nostra

198 1283 389 1340 predicta
438 1283 522 1325 nisi
567 1282 699 1324 fuerit
749 1296 845 1323 cum
888 1280 1088 1337 predictis
1136 1279 1419 1335 burgensibus
1467 1278 1623 1322 nostris
1663 1279 1815 1322 lotant'
1865 1282 1908 1322 et
1948 1280 2150 1323 escotant'

200 1375 244 1416 et
264 1360 379 1415 infra
400 1374 563 1430 gildam
584 1372 793 1416 libertatis
814 1387 958 1414 eorum
979 1374 1184 1427 receptus.

254 1465 435 1507 Necnon
457 1465 734 1507 concessimus
755 1464 912 1505 eisdem
935 1462 1218 1519 burgensibus
1239 1463 1394 1505 nostris
1408 1464 1522 1519 quod
1537 1462 1618 1518 ipsi
1640 1470 1683 1505 et
1699 1463 1874 1505 heredes
1891 1463 1957 1505 sui
1976 1463 2157 1519 guldam

196 1557 309 1599 inter
336 1571 405 1599 eos
432 1555 569 1598 facere
597 1558 768 1611 possent
796 1570 879 1610 quo
911 1557 1101 1610 tempore
1134 1556 1177 1596 et
1209 1554 1547 1610 quandocunque
1579 1554 1792 1596 voluerint
1828 1555 1883 1596 ad
1919 1555 2155 1610 proficuum

194 1648 395 1704 ipsorum.
439 1647 497 1689 Et
517 1648 630 1703 quod
643 1647 844 1702 distringi
855 1661 942 1688 non
960 1645 1143 1688 debeant
1159 1660 1236 1702 pro
1250 1645 1393 1688 debito
1409 1645 1592 1702 alicujus
1607 1645 1691 1688 nisi
1707 1645 1917 1688 debitores
1933 1649 2007 1687 aut
2020 1646 2157 1703 plegii

194 1755 271 1796 pro
303 1739 451 1781 eodem
479 1738 653 1781 fuerint.
716 1738 775 1780 Et
808 1738 922 1793 quod
953 1737 1097 1779 nullus
1123 1736 1308 1780 ballivus
1340 1752 1413 1779 seu
1442 1737 1637 1779 minister
1657 1740 1800 1779 noster
1831 1737 1967 1779 colore
1997 1736 2154 1780 ballive

200 1846 273 1874 sue
295 1829 648 1873 summoniciones
669 1844 742 1871 seu
764 1828 1097 1871 attachiamenta
1127 1828 1256 1870 faciet
1276 1843 1354 1870 nec
1374 1827 1489 1870 infra
1508 1827 1675 1870 bundas
1704 1828 1967 1883 supradictas
1988 1828 2155 1870 distric-

195 1923 361 1966 cionem
392 1921 529 1978 capiet
558 1920 641 1963 nisi
670 1923 842 1963 tantum
873 1919 1208 1963 constabularius
1238 1919 1452 1975 predictus
1479 1922 1522 1961 et
1542 1918 1691 1962 ballivi
1712 1919 1909 1975 ejusdem
1943 1919 2044 1962 ville
2078 1920 2153 1976 qui

197 2029 274 2070 per
293 2013 405 2070 ipsos
424 2012 655 2069 burgenses
677 2011 841 2054 fuerint
863 2011 997 2053 electi.

259 2105 460 2147 Preterea
492 2104 770 2147 concessimus
805 2103 982 2158 prefatis
1016 2102 1301 2159 burgensibus
1337 2102 1492 2145 nostris
1526 2103 1640 2158 quod
1675 2101 1757 2158 ipsi
1797 2104 1839 2144 et-
1878 2101 2054 2144 heredes
2090 2102 2157 2145 sui

200 2196 388 2240 habeant
409 2210 677 2238 communam
697 2198 916 2250 pasturam
937 2209 1013 2250 pro
1034 2194 1186 2236 averiis
1207 2194 1292 2236 suis
1322 2194 1368 2236 in
1389 2193 1553 2236 brueris
1583 2193 1739 2236 nostris
1769 2192 1928 2235 vocatis
1957 2192 2166 2235 Mecum.

203 2286 361 2330 HETH'
385 2289 427 2329 et
452 2286 596 2329 Lmn„
618 2285 774 2328 HETH’
797 2289 923 2341 prout
943 2285 1088 2341 jacent
1114 2300 1189 2341 per
1209 2285 1408 2341 antiquas
1429 2287 1563 2327 metas
1584 2286 1626 2326 et
1646 2283 1813 2326 bundas
1829 2286 1870 2326 et
1892 2284 2006 2339 quod
2025 2283 2156 2327 libere

203 2377 361 2420 falcare
393 2379 565 2433 possent
599 2391 743 2418 omnes
778 2391 920 2420 ruscos
952 2378 994 2417 et
1026 2376 1172 2418 fodere
1208 2390 1353 2418 omnes
1386 2374 1533 2432 glebas
1564 2390 1640 2430 pro
1681 2374 1888 2417 focalibus
1928 2389 2074 2418 eorum
2109 2374 2156 2417 in

206 2469 365 2511 eisdem
396 2467 559 2511 brueris
591 2472 821 2510 crescentes
856 2470 899 2509 et
930 2467 1043 2522 quod
1073 2466 1260 2509 habeant
1289 2482 1426 2509 unum
1446 2481 1672 2509 messorem
1699 2467 1754 2508 ad
1778 2465 1886 2508 bene
1912 2468 1955 2508 et
1975 2466 2159 2509 fideliter

209 2560 535 2603 custodiendum
568 2559 779 2615 predictos
810 2573 951 2600 ruscos
987 2561 1029 2600 et
1064 2557 1210 2614 glebas
1246 2559 1360 2613 quod
1395 2573 1521 2600 nemo
1556 2557 1716 2600 ibidem
1745 2557 1876 2599 falcet
1907 2572 1984 2599 nec
2013 2557 2160 2600 fodeat

208 2657 399 2709 preterea
423 2651 655 2706 burgenses
676 2650 775 2692 ville
802 2652 945 2692 nostre
975 2650 1161 2705 predicte
1183 2651 1226 2691 et
1257 2649 1292 2691 si
1312 2649 1476 2705 aliquos
1501 2649 1606 2691 alios
1626 2648 1787 2691 ibidem
1806 2651 2171 2704 manuoperantes

208 2744 402 2786 inveniat
435 2743 547 2799 ipsos
577 2742 808 2784 attachiare
837 2742 964 2784 faciet
998 2744 1040 2783 et
1065 2741 1398 2784 attachiamenta
1427 2743 1641 2797 presentet
1673 2741 1728 2783 ad
1757 2740 2030 2782 hundredum
2060 2739 2161 2782 ville

209 2838 350 2877 nostre
373 2834 610 2890 supradicte
631 2836 674 2876 et
695 2833 781 2876 sint
800 2832 960 2875 ibidem
980 2833 1197 2875 amerciati
1219 2833 1451 2875 secundum
1472 2832 1759 2888 quantitatem
1779 2831 1936 2873 delicti.

266 2925 450 2981 Insuper
477 2925 755 2967 concessimus
782 2924 959 2981 prefatis
987 2923 1269 2981 burgensibus
1296 2924 1451 2967 nostris
1479 2924 1592 2979 quod
1613 2930 1759 2966 omnes
1786 2926 2038 2965 mercatores
2068 2924 2160 2964 tam

208 3016 407 3072 pannarii
434 3017 633 3059 cerdones
662 3015 875 3072 pelliparii
905 3015 1181 3071 cyrothecarii
1210 3031 1338 3071 quam
1368 3015 1443 3058 alii
1472 3014 1628 3058 diversi
1658 3014 1732 3070 qui
1762 3029 1816 3056 ex
1843 3014 2091 3057 vendicione
2118 3016 2160 3056 et
