2386 3645
1928 281 2038 324 1537

151 481 321 525 arabih's
356 485 441 525 tres
472 497 589 525 acras
618 482 732 524 bosci
761 481 920 538 viginti
950 484 1132 537 quatuor
1161 497 1277 526 acras
1316 486 1487 539 pasture
1519 485 1742 541 sexaginta
1771 502 1886 530 acras
1915 488 2023 530 vasti
2053 491 2096 531 et

153 574 376 630 sexaginta
411 573 566 616 solidos
605 573 740 615 annui
779 573 984 615 redditus.
1059 572 1327 616 Habendum
1367 578 1409 617 et
1452 576 1687 619 tenendum
1726 579 1868 620 omnia
1907 580 2096 635 predicta

151 664 388 707 manerium
419 679 516 706 cum
545 663 816 720 pertinentiis
856 668 1039 720 quatuor
1078 668 1292 707 carucatas
1326 669 1436 708 terre
1475 666 1633 723 viginti
1672 668 1860 724 quinque
1899 685 2014 712 acras
2055 673 2098 713 et

152 755 376 798 dimidiam
395 756 508 811 prati
527 758 699 798 centum
718 770 835 798 acras
853 758 964 797 terre
985 754 1157 798 arabilis
1177 759 1262 798 tres
1291 771 1408 799 acras
1437 755 1552 799 bosci
1581 758 1739 814 viginti
1770 763 1951 814 quatuor
1980 775 2096 803 acras

151 850 322 904 pasture
344 847 568 903 sexaginta
588 861 705 889 acras
725 845 835 888 vasti
856 849 898 888 et
919 845 1143 902 sexaginta
1164 846 1318 889 solidos
1333 847 1467 889 annui
1481 847 1673 889 redditus
1688 848 1864 903 prefatis
1881 848 2098 892 Cardinali

150 938 380 981 MORGANO
411 941 453 980 et
483 937 650 980 ‘raom
682 936 908 980 heredibus
948 940 991 979 et
1033 937 1258 993 assignatis
1299 938 1385 980 suis
1417 938 1733 994 imperpetuum
1763 939 1815 981 de
1846 939 2097 994 capitalibus

151 1029 336 1072 dominis
364 1029 588 1071 feodorum
608 1029 781 1071 illorum
801 1043 877 1084 per
897 1028 1089 1071 redditus
1109 1032 1152 1070 et
1182 1029 1357 1072 servicia
1386 1030 1487 1072 inde
1518 1028 1662 1072 debita
1692 1032 1735 1072 et
1765 1034 1975 1073 consueta.
2036 1032 2098 1074 Et

151 1135 231 1177 ego
261 1135 359 1163 vero
389 1120 603 1176 predictus
633 1119 895 1162 EDWARDUS
926 1122 968 1161 et
1007 1119 1181 1162 heredes
1221 1120 1306 1162 mei
1335 1120 1478 1163 omnia
1506 1120 1696 1176 predicta
1725 1121 1963 1164 manerium
2003 1137 2099 1164 cum

151 1211 421 1267 pertinentiis
451 1214 633 1267 quatuor
663 1213 878 1253 carucatas
919 1213 1029 1252 terre
1065 1210 1224 1266 viginti
1263 1211 1453 1267 quinque
1494 1226 1610 1253 aeras
1649 1214 1691 1253 et
1732 1211 1955 1254 dimidiam
1986 1213 2099 1268 prati

151 1305 322 1345 centum
343 1316 459 1344 acras
478 1305 588 1344 terre
609 1300 780 1343 arabilis
801 1305 886 1344 tres
907 1316 1024 1343 acras
1044 1300 1158 1343 bosci
1178 1301 1336 1357 viginti
1357 1304 1538 1357 quatuor
1559 1317 1675 1344 acras
1691 1305 1861 1357 pasture
1877 1303 2100 1359 sexaginta

152 1409 268 1437 acras
287 1393 397 1436 vasti
417 1397 460 1436 et
481 1393 705 1450 sexaginta
726 1393 880 1435 solidos
901 1394 1035 1435 annui
1055 1393 1247 1435 redditus
1267 1397 1316 1435 ut
1343 1394 1581 1449 predictum
1602 1397 1665 1436 est
1684 1393 1862 1450 prefatis
1884 1393 2103 1437 Cardinali

151 1486 382 1528 MORGANO
403 1489 445 1527 et
468 1484 634 1527 ΤΗΟΜΕ
655 1484 882 1527 heredibus
904 1493 944 1526 et
967 1485 1195 1541 assignatis
1216 1485 1301 1527 suis
1322 1488 1469 1527 contra
1498 1500 1644 1527 omnes
1674 1490 1823 1541 gentes
1852 1485 2099 1528 warantiza-

150 1577 291 1621 bimus
321 1575 655 1632 acquietabimus
685 1579 728 1618 et
758 1576 1073 1632 imperpetuum
1104 1576 1382 1618 defendemus
1412 1591 1488 1632 per
1516 1578 1742 1632 presentes.
1803 1576 1860 1618 In
1890 1576 2012 1633 cujus
2041 1577 2103 1619 rei

149 1667 442 1711 testimonium
471 1667 570 1709 huic
599 1667 785 1723 presenti
827 1671 940 1709 carte
969 1682 1061 1709 mee
1101 1667 1322 1709 indentate
1353 1667 1543 1723 sigillum
1573 1682 1718 1709 meum
1748 1667 1937 1723 apposui.
1999 1667 2103 1710 Hiis

148 1758 327 1802 testibus
345 1787 353 1796 -
372 1758 402 1801 J
405 1773 594 1800 OHANNE
615 1757 766 1801 SEYNT
787 1757 817 1801 J
819 1772 914 1800 oms
936 1758 1072 1800 milite
1096 1792 1104 1800 .
1128 1757 1295 1800 ΤΗΟΜΑ
1317 1757 1574 1800 MALYFANT
1598 1758 1760 1800 seniore
1778 1791 1786 1800 .
1805 1757 1835 1800 J
1837 1772 2023 1800 OHANNE
2045 1772 2101 1800 LE

151 1850 272 1893 Elmz
295 1885 303 1893 .
327 1849 587 1894 WILLELMO
607 1849 835 1892 FLEMYNG
859 1883 867 1891 .
892 1848 1061 1891 THOMA
1081 1848 1127 1892 N
1130 1863 1280 1891 ERBER
1299 1848 1519 1905 armigeris
1542 1883 1550 1891 .
1574 1851 1617 1891 et
1636 1848 1743 1891 aliis.

209 1941 374 1984 Datum
404 1941 542 1997 primo
573 1940 641 1983 die
670 1939 837 1997 Aprilis
866 1955 978 1983 anno
1009 1940 1132 1997 regni
1162 1940 1296 1996 Regis
1326 1939 1533 1982 HEchr
1563 1940 1672 1982 sexti
1701 1942 1797 1995 post
1826 1943 2102 1995 conquestum

151 2032 315 2089 Anglie
336 2032 529 2089 septimo.

209 2123 373 2161 Probably
389 2123 565 2152 connected
580 2122 659 2151 with
675 2122 731 2152 the
746 2122 904 2160 marriage
920 2123 952 2152 of
976 2122 1025 2151 Sir
1040 2122 1177 2152 Edward
1201 2122 1280 2151 with
1302 2121 1395 2158 Jane,
1417 2131 1435 2150 a
1457 2121 1585 2150 natural
1607 2121 1768 2158 daughter
1789 2121 1822 2150 of
1845 2120 1965 2158 Henry,
1989 2121 2086 2149 after-

161 2179 267 2209 wards
289 2179 439 2209 Cardinal
460 2178 627 2215 Remea,
648 2178 693 2216 by
720 2178 814 2207 Alice
837 2178 993 2208 Fitzalan.
1054 2178 1123 2207 The
1145 2178 1296 2208 Cardinal
1317 2178 1396 2207 took
1417 2177 1525 2207 orders
1550 2177 1634 2215 1397,
1656 2177 1765 2206 before
1787 2176 1892 2205 which
1913 2176 1933 2205 J
1937 2185 1998 2205 ane
2020 2185 2086 2206 was

163 2236 253 2265 born.
295 2235 345 2265 Sir
359 2234 498 2264 Edward
513 2234 587 2264 died
601 2238 636 2263 at
650 2233 840 2264 Jerusalem.
882 2234 973 2273 They
988 2234 1052 2264 had
1068 2243 1128 2264 one
1143 2243 1211 2272 son,
1227 2234 1276 2263 Sir
1291 2233 1411 2272 Harry.

358 3167 420 3203 Ss
