2386 3645
1903 281 2011 323 1535

131 486 315 530 dominis
349 487 466 529 feodi
500 486 616 529 illius
651 502 727 542 per
766 486 940 528 servicia
979 486 1080 528 inde
1120 485 1264 528 debita
1303 488 1347 528 et
1385 489 1596 528 consueta.
1676 486 1737 528 Et
1776 487 1811 528 si
1850 486 2070 542 contingat

133 577 290 620 dictam
319 577 522 619 ALIGIAM
552 576 642 619 sine
671 576 898 618 heredibus
928 577 981 618 de
1012 591 1181 631 corpore
1211 591 1286 618 suo
1325 576 1552 631 procreatis
1592 575 1706 617 obire
1746 579 1848 618 tunc
1877 577 2073 618 volumus

133 670 176 711 et
195 668 462 710 concedimus
483 669 597 723 quod
624 667 862 723 predictum
891 667 1130 709 manerium
1161 668 1213 709 de
1238 666 1513 708 LANDOUGH'
1536 669 1580 708 et
1605 665 2072 708 SEINTMAmcuURcHE

132 759 259 801 simul
274 774 369 800 cum
387 758 585 801 omnibus
601 759 696 800 aliis
711 757 834 800 terris
849 760 893 800 et
904 757 1158 799 tenementis
1172 772 1269 799 cum
1284 756 1557 813 pertinenciis
1571 756 1770 812 predictis
1784 771 1980 808 unacum,
1995 760 2072 798 etc.

131 852 225 901 eto„
246 849 507 905 preexceptis
528 849 652 891 rectis
671 848 898 890 heredibus
914 848 1093 904 predicti
1114 848 1319 890 Rossmm
1336 847 1587 891 WALSSCHE
1609 847 1809 902 armigeri
1829 850 2075 889 remaneant

131 940 447 996 imperpetuum
468 940 702 982 tenendum
733 940 786 981 de
816 937 1067 994 capitalibus
1098 939 1281 982 dominis
1311 939 1428 981 feodi
1452 954 1527 994 per
1547 938 1721 980 servicia
1740 938 1840 979 inde
1862 937 2005 979 debita
2034 940 2077 979 et

135 1034 346 1074 consueta.
409 1031 470 1073 Et
490 1033 554 1073 est
573 1031 811 1086 predictum
832 1045 1049 1072 remanere
1070 1030 1232 1072 factum
1251 1031 1450 1086 predictis
1470 1029 1704 1073 WALTERO
1725 1032 1768 1071 et
1788 1028 2078 1072 WENLLIANE

132 1125 175 1164 et
205 1121 431 1164 heredibus
462 1122 514 1163 de
545 1136 715 1177 corpore
744 1121 877 1177 ipsius
907 1120 1199 1164 WENLLIANE
1240 1121 1431 1177 legitime
1471 1120 1699 1176 procreatis
1729 1119 1807 1162 sub
1837 1119 2078 1161 condicione

133 1213 327 1268 sequenti
362 1212 560 1254 videlicet
596 1214 710 1267 quod
747 1212 782 1254 si
815 1212 946 1254 iidem
978 1211 1239 1255 WALTERUS
1278 1215 1355 1254 aut
1385 1212 1675 1255 WENLLIANA
1718 1211 1786 1252 vel
1818 1210 1993 1251 heredes
2027 1210 2080 1251 de

135 1318 306 1358 corpore
352 1303 484 1358 ipsius
535 1302 828 1346 WENLLIANE
878 1303 1084 1359 procreati
1134 1304 1409 1358 imposterum
1456 1303 1695 1358 predictum
1743 1300 1982 1343 manerium
2031 1301 2083 1342 de

135 1393 409 1436 LANDOUGH'
442 1397 482 1435 et
524 1393 994 1436 SEINTMARICHURCHE
1036 1399 1111 1435 aut
1142 1394 1299 1436 dictam
1329 1394 1602 1436 medietatem
1632 1392 1812 1435 manerii
1842 1392 1894 1433 de
1925 1391 2081 1434 WEST-

134 1498 343 1526 ORCHARD
365 1487 440 1526 aut
459 1484 650 1539 predicta
680 1486 826 1536 terras,
859 1491 937 1526 etc.
971 1487 1065 1536 etc⁸>
1095 1485 1353 1527 reversiones
1383 1485 1469 1526 sive
1491 1484 1666 1526 servicia
1686 1485 1761 1525 aut
1781 1481 2079 1525 advocaciones

135 1576 403 1618 ecclesiarum
435 1575 724 1631 predictarum
753 1576 821 1618 vel
852 1575 1039 1631 aliquam
1069 1575 1169 1617 inde
1199 1576 1427 1630 parcellam
1451 1575 1578 1617 alicui
1598 1575 1666 1617 vel
1687 1573 1899 1629 aliquibus
1925 1573 2082 1614 aliena-

132 1667 272 1709 verint
302 1667 370 1708 vel
401 1667 554 1722 aliquis
585 1681 731 1709 eorum
762 1667 1013 1709 alienaverit
1044 1670 1118 1708 aut
1149 1667 1350 1722 quicquid
1380 1667 1528 1709 fecerit
1563 1666 1631 1708 vel
1664 1665 1843 1707 fecerint
1865 1679 1940 1720 per
1970 1663 2084 1718 quod

136 1759 363 1814 contigerit
403 1760 527 1800 feoda
568 1758 735 1800 talliata
775 1759 965 1814 predicta
1006 1774 1079 1800 seu
1119 1759 1357 1814 predictum
1387 1771 1603 1799 remanere
1632 1756 1818 1812 predicte
1847 1755 2010 1797 Amcm
2041 1758 2085 1796 et

135 1849 359 1892 heredibus
380 1851 432 1891 de
453 1864 625 1905 corpore
646 1864 721 1892 suo
742 1850 970 1905 procreatis
991 1850 1105 1891 faeta
1125 1849 1171 1890 in
1192 1849 1333 1904 aliquo
1355 1847 1662 1890 discontinuari
1692 1847 1806 1902 quod
1827 1861 1879 1887 ex
1893 1848 1997 1887 tunc
2017 1845 2082 1886 in-

136 1940 319 1983 mediate
348 1943 488 1982 totum
518 1941 756 1996 predictum
785 1940 1022 1982 manerium
1063 1941 1115 1982 de
1156 1938 1430 1981 LANDOUGH'
1462 1942 1505 1980 et
1535 1937 2005 1980 SEINTMARICHURCHE
2036 1950 2084 1977 ac

135 2031 322 2087 predicta
344 2031 549 2073 medietas
569 2031 749 2074 manerii
770 2032 823 2073 de
845 2031 1193 2074 WESTORCHARD
1215 2030 1342 2072 simul
1364 2045 1460 2072 cum
1482 2028 1677 2071 omnibus
1706 2028 1841 2079 terris,
1874 2030 1965 2078 eto„
1989 2029 2081 2078 etc.‚

136 2137 320 2165 unacum
350 2122 700 2164 advocacionibus
749 2122 1019 2164 ecelesiarum
1068 2121 1354 2177 predictarum
1392 2121 1560 2176 integre
1607 2123 1856 2161 remaneant
1895 2118 2082 2173 predicte

135 2214 299 2256 ALICIE
331 2217 374 2256 et
402 2213 628 2256 heredibus
658 2214 711 2255 de
751 2228 921 2268 corpore
962 2228 1036 2255 suo
1076 2213 1304 2268 procreatis
1342 2212 1670 2267 imperpetuum.
1732 2210 1793 2252 Et
1834 2211 1947 2265 quod
1977 2213 2079 2251 tunc

136 2304 243 2348 bene
272 2304 416 2347 licebit
446 2305 584 2346 eidem
614 2305 779 2346 Amcm
810 2307 853 2347 et
882 2303 1108 2346 heredibus
1139 2305 1191 2345 de
1222 2318 1393 2358 corpore
1424 2318 1498 2345 suo
1528 2301 1755 2358 procreatis
1778 2301 1825 2343 in
1844 2301 2082 2356 predictum

135 2396 374 2438 manerium
389 2397 441 2437 de
458 2394 732 2437 LANDOUGH'
749 2398 791 2437 et
805 2394 1276 2437 SEINTMARIOHURCHE
1298 2409 1345 2435 ac
1365 2394 1638 2435 medietatem
1658 2393 1837 2434 manerii
1857 2393 1909 2433 de
1924 2391 2079 2435 WEsT-

137 2501 346 2529 ORcHARD
367 2501 463 2528 cum
484 2485 680 2528 omnibus
700 2485 823 2527 terris
843 2489 886 2527 et
916 2485 1169 2527 tenementis
1190 2485 1389 2540 predictis
1418 2499 1515 2526 cum
1545 2483 1815 2539 pertinenciis
1844 2483 2002 2524 intrare
2031 2485 2082 2524 ut

136 2578 183 2620 in
202 2592 418 2619 remanere
439 2591 513 2619 suo
535 2580 578 2618 et
598 2591 647 2618 ea
667 2576 810 2618 omnia
831 2579 872 2618 et
894 2576 1064 2631 singula
1085 2575 1165 2618 sibi
1186 2578 1228 2617 et
1258 2574 1484 2617 heredibus
1504 2574 1590 2617 suis
1619 2574 1870 2629 supradictis
1889 2574 1934 2615 in
1955 2573 2080 2615 feodo

135 2668 300 2711 talliato
340 2671 390 2709 ut
425 2667 690 2723 premittitur
730 2669 873 2708 tenere
923 2667 1239 2721 imperpetuum
1282 2669 1408 2721 prout
1449 2665 1686 2720 predictum
1726 2668 1789 2707 est
1828 2664 1863 2706 si
1902 2663 2082 2719 predicti

138 2758 397 2802 WALTERUS
417 2760 460 2800 et
480 2757 771 2800 WENLLIANA
792 2757 882 2799 sine
902 2757 1129 2799 heredibus
1149 2758 1202 2799 de
1223 2771 1392 2812 corpore
1421 2756 1553 2811 ipsius
1585 2755 1875 2799 WENLLIANE
1897 2754 2079 2797 obierint

138 2851 181 2891 et
199 2851 338 2891 essent
357 2848 562 2890 defuncti.
634 2847 696 2889 Et
725 2848 839 2902 quod
867 2847 1082 2903 predictus
1111 2852 1246 2889 status
1277 2861 1351 2889 seu
1379 2861 1595 2888 remanere
1625 2846 1749 2888 dictis
1778 2845 2007 2889 WALTERO
2037 2846 2081 2886 et

138 2938 430 2984 WENLLIANE
451 2942 494 2981 et
513 2937 739 2981 heredibus
759 2939 811 2980 de
841 2953 1011 2994 corpore
1040 2938 1173 2993 ipsius
1203 2938 1494 2982 WENLLIANE
1524 2937 1688 2979 factum
1717 2951 1819 2992 erga
1848 2936 2081 2991 predictam

138 3029 339 3072 ALICIAM
361 3034 403 3072 et
422 3029 596 3072 heredes
617 3044 712 3072 suos
733 3033 894 3072 cessent
913 3032 956 3071 et
985 3029 1281 3071 terminentur.
1343 3028 1399 3070 In
1431 3028 1553 3084 cujus
1582 3028 1644 3070 rei
1673 3027 1964 3070 testimonium
1987 3041 2081 3082 pre-
