2386 3645
350 264 461 306 1226

289 473 333 513 et
361 470 441 513 hac
471 471 656 526 presenti
683 474 796 514 carta
824 473 968 514 nostra
1002 470 1342 514 confirmavimus
1377 469 1659 526 burgensibus
1694 471 1850 513 nostris
1881 470 1981 513 ville
2010 474 2151 514 nostre
2165 451 2236 515 =de

290 561 505 605 KAERmF
546 577 677 605 unam
729 563 917 619 placeam
957 565 1066 605 terre
1107 562 1153 604 in
1192 561 1321 604 ALTA
1372 562 1548 605 STRATA
1598 562 1651 604 (10
1691 561 1906 604 KAERDIF
1948 562 2239 606 continentem

291 653 575 709 quadraginta
596 656 638 695 et
658 668 730 695 sex
761 653 888 709 pedes
923 653 969 695 in
1009 652 1280 709 longitudine
1313 655 1355 695 et
1390 652 1546 708 viginti
1579 655 1622 694 et
1654 667 1727 694 sex
1761 652 1888 707 pedes
1922 652 1969 694 in
1992 652 2233 695 latitudine.

297 744 391 790 Que
422 745 593 800 quidem
624 745 768 801 placea
795 748 905 786 terre
936 744 1049 801 jacet
1075 744 1200 800 juxta
1235 747 1525 786 tenementum
1559 743 1772 799 quondam
1807 743 1911 785 ΑΒΕ
1939 743 2161 786 KYNGOTE
2186 760 2241 787 ex

289 837 410 891 parte
436 835 587 878 boriali
617 835 726 878 sicut
757 834 956 891 predictis
984 833 1267 889 burgensibus
1303 834 1426 876 certis
1461 833 1614 876 bondis
1640 832 1845 875 liberatur
1873 834 1929 875 ad
1954 833 2265 887 edificandum&

289 941 421 968 unam
441 927 615 968 domum
646 941 771 982 super
802 925 1034 981 predictam
1066 925 1257 980 placeam
1289 927 1399 966 terre
1434 926 1626 966 vocatam
1661 923 1957 966 BOTHHALLE.
2019 923 2091 966 Ita
2125 926 2240 980 quod

287 1031 364 1059 nos
384 1016 563 1072 predicti
583 1016 868 1060 WILLELMUS
889 1018 930 1058 et
962 1015 1205 1057 ALIANORA
1239 1029 1405 1057 consors
1436 1017 1580 1057 nostra
1614 1016 1656 1057 et
1685 1013 1859 1056 heredes
1887 1015 2022 1058 nostri
2048 1015 2239 1059 decetero

287 1107 335 1149 in
355 1109 503 1150 eadem
523 1109 648 1150 domo
668 1107 899 1149 habeamus
919 1122 1054 1148 unum
1083 1106 1223 1148 locum
1256 1108 1405 1161 aptum
1439 1108 1481 1148 et
1509 1105 1786 1148 sufficientem
1820 1106 1875 1148 ad
1907 1106 2050 1148 omnia
2081 1106 2239 1162 placita

287 1214 363 1255 per
382 1199 613 1254 prepositos
634 1200 798 1240 nostros
818 1198 917 1239 ville
940 1197 1125 1253 predicte
1146 1196 1189 1238 in
1215 1197 1362 1238 eodem
1381 1196 1472 1238 1000
1491 1197 1725 1238 tenendum
1756 1199 1799 1238 et
1829 1197 2122 1252 placitandum
2149 1201 2239 1241 tam

285 1289 338 1331 de
372 1289 577 1331 nundinis
615 1288 773 1330 ibidem
812 1303 888 1344 per
920 1303 1082 1329 annum
1123 1302 1251 1343 quam
1288 1287 1340 1329 de
1377 1287 1472 1329 aliis
1504 1287 1671 1343 placitis
1706 1320 1714 1329 .
1750 1287 1811 1330 Et
1843 1288 1975 1330 eciam
2006 1289 2061 1331 ad
2095 1289 2240 1333 omnia

286 1380 448 1423 tolneta
469 1379 771 1436 cujuscumque
792 1378 922 1421 fuerit
943 1378 1110 1435 generis
1131 1377 1404 1420 marchandie
1436 1378 1483 1420 in
1513 1379 1660 1421 eodem
1691 1378 1781 1420 loco
1811 1379 2114 1434 recipiendum.
2177 1380 2238 1423 Et

286 1472 401 1527 quod
420 1470 650 1527 burgenses
670 1470 770 1511 ville
790 1473 931 1511 nostre
951 1469 1138 1525 predicte
1159 1468 1345 1512 habeant
1376 1469 1621 1511 omnimoda
1656 1470 1843 1525 proficua
1875 1471 1929 1512 de
1964 1470 2078 1513 dicta
2112 1472 2243 1515 domo

286 1561 581 1617 proveniencia
621 1562 675 1602 ad
715 1561 835 1602 illam
874 1561 1048 1603 domum
1088 1561 1418 1602 construendum
1451 1563 1493 1602 et
1525 1560 1836 1602 sustinendum.
1897 1560 2163 1604 Habendum
2196 1566 2239 1606 et

282 1653 516 1694 tenendum
537 1652 769 1708 predictam
790 1652 979 1707 placeam
1000 1666 1097 1693 cum
1117 1651 1230 1693 dicta
1252 1652 1377 1694 domo
1399 1651 1722 1707 superedificata
1749 1651 1926 1708 prefatis
1955 1652 2238 1709 burgensibus

284 1744 384 1786 ville
404 1746 545 1786 nostre
565 1743 752 1799 predicte
773 1744 825 1785 de
846 1742 967 1785 nobis
988 1745 1030 1785 et
1050 1742 1277 1785 heredibus
1307 1743 1461 1785 nostris
1488 1742 1815 1798 imperpetuum.
1878 1742 2006 1785 Salvo
2039 1743 2160 1786 nobis
2195 1747 2239 1787 et

286 1833 511 1876 heredibus
525 1834 680 1876 nostris
692 1834 784 1876 loco
799 1834 988 1889 predicto
1004 1835 1059 1876 ad
1076 1834 1218 1876 omnia
1235 1834 1478 1876 faciendum
1493 1834 1601 1876 sicut
1616 1834 1855 1890 predictum
1872 1837 1946 1877 est.
2000 1835 2238 1878 Reddendo

283 1926 383 1968 inde
403 1925 525 1968 nobis
545 1928 588 1968 et
607 1925 832 1967 heredibus
853 1925 1007 1967 nostris
1028 1924 1253 1967 annuatim
1274 1925 1329 1967 ad
1349 1924 1509 1967 festum
1530 1924 1676 1967 Sancti
1698 1924 1958 1967 MICHAELIS
1991 1941 2126 1968 unum
2161 1941 2238 1982 par

284 2017 558 2059 calcariorum
579 2017 893 2058 deauratorum.

342 2107 434 2149 Nos
454 2122 553 2150 vero
574 2107 786 2164 predictus
810 2106 949 2149 HUGO
970 2107 1247 2149 donacionem
1262 2106 1568 2149 concessionem
1586 2110 1628 2148 et
1645 2106 2012 2149 confirmacionem
2031 2107 2240 2163 predictas

287 2201 401 2240 ratas
422 2197 626 2241 habentes
646 2200 688 2239 et
709 2200 852 2254 gratas
873 2213 941 2240 eas
961 2213 1036 2253 pro
1066 2197 1189 2240 nobis
1218 2200 1261 2239 et
1289 2197 1515 2240 heredibus
1543 2197 1698 2239 nostris
1733 2197 1931 2253 predictis
1956 2197 2240 2254 burgensibus

285 2289 551 2332 concedimus
572 2292 614 2332 et
635 2289 933 2331 confirmamus
953 2290 1281 2345 imperpetuum.
1343 2289 1400 2331 In
1416 2289 1484 2344 cuj
1490 2304 1538 2331 us
1553 2289 1615 2331 rei
1630 2289 1923 2332 testimonium
1938 2289 2037 2331 huic
2052 2290 2239 2345 presenti

284 2384 397 2424 carte
418 2384 558 2423 nostre
580 2381 772 2437 sigillum
793 2381 1039 2423 cancellarie
1064 2384 1206 2422 nostre
1228 2381 1279 2422 de
1311 2379 1527 2422 KAERDIF
1549 2380 1833 2436 apposuimus.
1896 2379 1999 2422 Hiis
2020 2379 2197 2423 testibus
2229 2415 2237 2424 .

288 2472 471 2515 dominis
491 2471 750 2515 WILLELMO
772 2473 824 2513 de
840 2471 1094 2513 ERCALEWE
1111 2474 1214 2513 tunc
1231 2471 1457 2514 senescallo
1473 2474 1682 2513 terrarum
1696 2474 1961 2513 nostrarum.
1981 2470 2241 2514 WILLELMO

288 2564 341 2605 de
382 2563 659 2605 OARESWELL
702 2595 710 2604 .
752 2562 966 2605 HEcho
1007 2563 1058 2604 de
1099 2562 1412 2604 UMFRAVILLE
1450 2596 1458 2605 .
1496 2561 1717 2605 JOHANNE
1757 2561 1951 2603 DAvENE
2001 2561 2208 2604 militibus
2231 2595 2243 2604 .

287 2654 318 2697 J
320 2668 507 2696 OHANNE
528 2653 567 2695 10
588 2653 805 2696 NORREYS
830 2688 838 2696 .
861 2653 1115 2696 LEWELINO
1135 2669 1190 2709 ap
1212 2652 1489 2696 KENEWREK
1522 2688 1530 2696 .
1564 2652 1765 2695 MATHEo
1802 2652 1842 2694 le
1875 2651 1992 2694 som
2029 2687 2037 2695 .
2073 2651 2243 2695 Tuom

290 2746 343 2787 de
378 2745 540 2786 BARRY
576 2778 585 2786 .
624 2743 792 2786 ΤΗΟΜΛ
829 2759 883 2800 ap
919 2744 1068 2787 ARON'
1109 2779 1117 2787 .
1156 2744 1377 2787 JoHANNE
1414 2743 1571 2786 LovEL
1607 2746 1711 2786 tunc
1742 2742 1900 2785 ballivo
1933 2743 2158 2786 comitatus
2190 2744 2243 2787 de

295 2835 657 2879 GLAMORGANCIA
679 2838 721 2885 et
741 2835 888 2877 multis
907 2835 1014 2877 ah‘is.

351 2926 517 2969 Datum
537 2926 652 2981 apud
672 2925 887 2968 KAERDIF
908 2926 1224 2982 quartodecimo
1252 2926 1322 2969 die
1353 2925 1546 2969 Octobris
1573 2940 1686 2968 anno
1710 2924 1834 2982 regni
1859 2924 1994 2981 Regis
2017 2924 2244 2968 EnwARm

294 3017 413 3060 tertii
431 3018 527 3073 post
548 3019 826 3072 conquestum
854 3017 1117 3059 duodecimo.
