2386 3645
298 269 410 311 1318

1091 735 1325 780 MXXIX.

241 847 410 892 WRIT
451 846 530 890 OF
569 846 701 889 THE
742 843 1018 888 SHERIFF
1051 842 1127 886 TO
1169 841 1299 885 THE
1336 837 1628 883 BAILIFFS
1665 838 1744 881 OF
1784 836 2181 882 GLAMORGAN

382 938 459 982 TO
502 937 653 982 GIVE
693 935 898 979 SEISIN
939 935 1017 977 OF
1052 933 1182 977 THE
1232 930 1514 975 FISHERY
1564 928 1642 972 OF
1691 928 1871 974 AVAN
1921 928 1997 972 TO
2048 928 2179 971 THE

382 1028 589 1072 ABBOT
641 1028 719 1070 OF
768 1025 1057 1070 MARGAM.

951 1132 1183 1189 [MARGAM
1214 1128 1470 1185 CHARTER]

800 1241 869 1283 ST.
902 1238 1103 1283 ALBAN'S
1133 1238 1248 1281 Dm.
1310 1238 1366 1279 22
1397 1236 1535 1279 JUNE.
1596 1237 1652 1279 40
1682 1235 1810 1278 Enw.
1843 1234 1935 1278 III.
2000 1236 2125 1278 1366.

296 1352 554 1394 EDWARDUS
567 1350 618 1391 de
632 1348 928 1391 STRATELYNG
943 1346 1171 1389 vicecomes
1187 1344 1549 1387 GLAMORGANCIE
1571 1345 1614 1385 et
1633 1342 1910 1385 MORGANCIE
1924 1343 2183 1388 WILLELMO

238 1442 560 1487 WYNCHESTRE
580 1439 738 1482 ballivo
759 1437 983 1481 comitatus
1003 1435 1195 1493 ejusdem
1215 1435 1283 1477 vel
1302 1434 1542 1477 NICHOLAO
1573 1434 1783 1476 OANTELO
1814 1433 2053 1477 subballivo
2083 1434 2188 1477 dieti

238 1532 489 1577 WILLELMI
510 1531 703 1573 salutem.

296 1622 410 1669 Quia
443 1622 473 1665 J
476 1636 685 1664 OHANNES
720 1619 850 1663 abbas
880 1616 1125 1661 monasterii
1157 1616 1211 1659 B.
1245 1616 1309 1658 M.
1343 1617 1396 1658 de
1427 1615 1633 1657 MARGAN
1669 1630 1809 1658 coram
1839 1631 1908 1659 me
1947 1616 1993 1658 in
2032 1616 2185 1659 ultimo

238 1714 443 1758 comitatu
483 1712 845 1756 GLAMORGANCIE
884 1708 1147 1765 recuperavih
1197 1707 1430 1763 separalem
1469 1707 1693 1763 piscariam
1732 1722 1853 1749 suam
1893 1708 1946 1750 de
1985 1723 2097 1763 aqua
2136 1709 2189 1751 de

238 1806 405 1849 AvENE
440 1819 516 1860 per
549 1803 810 1846 veredictum
842 1800 968 1843 assise
1006 1814 1114 1842 nove
1145 1799 1362 1842 disseisine
1401 1813 1546 1841 versus
1584 1798 1748 1840 RESUM
1788 1798 1927 1841 filium
1968 1798 2187 1842 GRIFFINI

243 1895 437 1939 GETHYN
460 1897 504 1937 et
524 1893 772 1936 HOWELUM
792 1891 929 1934 filium
950 1890 1182 1933 GRUFFINI
1204 1889 1380 1931 HAGUR
1399 1890 1514 1931 unde
1543 1888 1673 1930 iidem
1705 1888 1852 1931 Rsssns
1883 1892 1927 1931 et
1956 1889 2190 1933 HovaLth

242 1986 405 2029 dietum
439 1984 638 2027 abbatem
668 1981 985 2025 disseisiverunt
1017 1980 1113 2022 ideo
1145 1995 1197 2022 ex
1229 1983 1349 2036 parte
1386 1979 1550 2021 domini
1580 1979 1807 2021 EDWARDI
1849 1979 1890 2022 le
1921 1979 2191 2023 DESPENSER

245 2075 407 2119 domini
427 2075 513 2118 mei
533 2073 614 2117 tibi
633 2073 790 2116 mando
811 2072 925 2127 quod
944 2071 1115 2127 plenam
1136 2069 1334 2112 seisinam
1354 2070 1407 2112 de
1428 2069 1618 2125 predicta
1639 2069 1818 2125 piscaria
1837 2070 2026 2126 predicto
2046 2070 2193 2114 abbati

246 2167 401 2210 habere
421 2166 552 2208 facias
572 2179 647 2222 per
666 2164 806 2207 visum
826 2162 952 2205 assise
972 2161 1158 2217 predicte
1179 2164 1222 2203 et
1241 2160 1320 2203 hoo
1340 2176 1427 2203 non
1448 2160 1631 2203 omittas.

305 2258 470 2301 Dassum
491 2257 605 2312 apud
626 2253 866 2297 KAERDYF’
889 2253 958 2295 die
978 2251 1105 2294 Lune
1125 2252 1171 2294 in
1190 2251 1315 2293 ffesto
1346 2250 1493 2294 Sancti
1522 2250 1707 2293 ALBANI
1728 2251 1915 2294 martiris
1936 2267 2049 2295 anno
2068 2253 2194 2310 regni

250 2349 385 2405 Regis
404 2348 631 2390 EDWARDI
650 2345 771 2388 tercii
790 2348 885 2401 post
906 2345 1181 2400 conquestum
1202 2342 1537 2398 quadragesimo.

308 2439 419 2493 soal,
440 2439 515 2481 red
536 2453 645 2491 wax,
661 2437 792 2480 about
813 2436 898 2478 lin.
921 2434 1050 2477 diam.
1111 2432 1155 2476 A
1175 2433 1311 2475 shield
1324 2432 1370 2475 of
1384 2447 1508 2484 911119,
1523 2433 1626 2488 paly
1646 2432 1692 2475 of
1721 2433 1786 2476 six
1808 2447 1862 2476 on
1885 2448 1910 2476 a
1929 2433 2056 2488 bend,
2077 2434 2197 2478 three

250 2530 514 2587 cinquefoils,
536 2528 810 2572 STRADLING.
871 2525 963 2568 The
982 2524 1119 2567 whole
1139 2523 1290 2566 within
1311 2539 1367 2565 an
1388 2522 1606 2579 eight-soil
1627 2523 1673 2566 of
1703 2523 1858 2567 Gothic
1876 2526 2056 2581 tracery.

309 2621 503 2678 Legend‚
525 2620 707 2677 chipped
727 2619 812 2661 and
832 2617 993 2660 broken
1014 2617 1206 2670 away—‘
1225 2647 1234 2656 .
1268 2648 1277 2657 .
1313 2648 1322 2656 .
1357 2648 1365 2657 .
1398 2628 1456 2656 DE
1480 2647 1489 2656 .
1513 2628 1767 2656 STRATELYN
1801 2648 1810 2657 .
1845 2649 1854 2658 .
1889 2649 1898 2658 .
1934 2649 1942 2657 .

311 2712 606 2755 Endorsed-—‘
623 2710 791 2753 Littera
809 2707 1065 2751 vicecomitis
1085 2706 1140 2748 ad
1160 2704 1339 2748 ballivos
1359 2704 1599 2748 comitatis?
