2386 3645
1985 297 2094 339 1369

205 497 259 539 de
280 497 531 553 capitalibus
551 497 734 541 dominis
755 497 871 540 feodi
891 498 1007 541 fflius
1026 513 1103 554 pro
1130 499 1301 541 redditu
1331 503 1374 542 et
1404 500 1576 543 servicio
1606 515 1701 556 quae
1730 503 1785 544 ad
1814 503 1889 545 illa
1917 503 2144 558 pertinent.

206 586 266 629 Et
294 602 374 644 ego
395 603 494 631 vero
525 588 741 645 predictus
769 587 1010 631 Rossmzmos
1038 587 1158 630 ELYs
1191 591 1232 631 et
1264 588 1438 632 heredes
1469 591 1555 631 mei
1575 591 1717 632 omnia
1736 591 1925 647 predicta
1943 595 2075 636 terras
2104 596 2147 636 et

205 680 463 730 tenementa,
496 682 589 732 etc„
620 682 714 731 etc„
747 713 756 721 .
789 713 797 721 .
830 712 839 721 .
872 693 969 721 cum
999 678 1196 722 omnibus
1226 679 1312 722 suis
1341 679 1613 735 pertinenciis
1642 681 1840 737 predictis
1868 681 1898 725 J
1900 696 2075 725 OHANNI
2105 687 2149 726 et

206 768 497 812 MARGARETE
528 768 755 812 heredibus
785 783 932 812 eorum
962 772 1004 811 et
1035 769 1261 826 assignatis
1285 773 1432 813 contra
1452 785 1598 813 omnes
1618 775 1767 827 gentes
1786 773 2151 816 warantizabimus

205 862 249 902 et
289 860 568 903 defendemus
606 861 935 917 imperpetuum.
1010 859 1066 902 In
1106 860 1230 916 cujus
1263 861 1325 903 rei
1365 861 1657 904 testimonium
1695 861 1794 904 huic
1824 863 2008 919 presenti
2040 866 2152 906 carte

204 950 397 1007 sigillum
416 966 560 994 meum
581 951 770 1008 apposui.
832 950 936 994 Hiis
955 950 1134 994 testibus
1156 984 1165 993 .
1187 951 1218 995 J
1220 965 1408 993 OHANNE
1428 950 1623 994 DALDEN
1649 985 1658 995 .
1680 951 1938 996 WILLELMO
1958 952 2121 996 an
2142 985 2154 997 .

205 1040 463 1086 WILLELMO
486 1042 616 1085 GREY
638 1076 647 1084 .
671 1041 906 1087 WALTERO
929 1041 1084 1085 Coe-AN
1104 1076 1113 1084 .
1139 1045 1181 1085 et
1202 1042 1232 1085 J
1234 1057 1422 1085 OHANNE
1443 1043 1584 1085 ADAM
1604 1046 1647 1086 et
1666 1043 1814 1087 multis
1833 1043 1939 1087 aliis.

263 1133 430 1176 Datum
470 1135 585 1190 apud
626 1133 985 1178 WRINOHESTON'
1026 1134 1225 1177 vicesimo
1264 1137 1410 1177 octavo
1451 1133 1519 1176 die
1559 1133 1669 1176 Maii
1708 1149 1821 1177 anno
1859 1134 1983 1191 regni
2024 1134 2157 1191 Regis

207 1223 406 1267 RmARm
430 1224 603 1268 secundi
624 1227 720 1281 post
740 1228 1018 1280 conquestum
1039 1226 1277 1268 undecimo.

1105 1624 1259 1668 MLX.

205 1731 586 1780 QUIT-CLAJM
635 1731 723 1775 BY
773 1731 1128 1776 MARGARET
1177 1731 1569 1776 BAWDEWYN
1620 1732 1698 1775 OF
1753 1730 1960 1775 LANDS
2019 1730 2154 1774 AND

351 1821 732 1866 TENEMENTS
792 1821 865 1865 IN
930 1822 1012 1866 ST.
1074 1823 1338 1867 DONAT’S
1399 1822 1475 1866 ΤΟ
1536 1822 1637 1866 SIR
1709 1821 2001 1868 WILLIAM
2073 1821 2155 1864 DE

350 1916 744 1969 STRADLYNG,
785 1916 1052 1962 KNIGHT.

1046 2025 1117 2080 [G.
1157 2026 1210 2071 G.
1247 2025 1324 2083 R]

1381 2118 1403 2159 1
1439 2116 1549 2159 FER.
1613 2117 1666 2159 13
1702 2116 1800 2159 Pac.
1838 2115 1903 2158 II.
1967 2116 2090 2157 1390.

261 2222 475 2266 Noverint
513 2222 701 2266 universi
740 2238 816 2280 per
865 2228 1079 2280 presentes
1118 2240 1186 2268 me-
1237 2224 1565 2267 MARGARETAM
1615 2222 1895 2265 BAWDEWYN
1944 2222 2149 2265 remisisse

199 2314 410 2356 relaxasse
441 2328 489 2356 ac
520 2313 694 2356 omnino
725 2328 801 2369 pro
828 2329 897 2357 me
927 2318 970 2358 et
1000 2315 1227 2359 heredibus
1254 2315 1358 2358 meis
1386 2315 1701 2371 imperpetuum
1730 2313 1923 2370 quietum
1950 2313 2149 2356 clamasse

200 2403 459 2447 WILLELMO
509 2404 562 2446 de
602 2403 873 2448 STRADLYNG
913 2406 1043 2449 militi
1082 2406 1311 2449 heredibus
1350 2408 1393 2448 et
1432 2404 1657 2461 assignatis
1697 2404 1782 2447 suis
1822 2406 1960 2446 totum
1998 2403 2069 2458 jus
2108 2405 2150 2444 et

199 2495 410 2538 clameum
450 2509 593 2538 meum
634 2496 749 2551 quod
785 2495 921 2539 habeo
961 2496 1092 2539 habui
1127 2512 1202 2540 seu
1234 2497 1377 2552 aliquo
1418 2496 1544 2538 modo
1583 2495 1773 2537 decetero
1808 2493 1962 2536 habere
2002 2496 2146 2549 potero

200 2586 247 2628 in
280 2584 479 2628 omnibus
513 2585 636 2628 terris
668 2588 712 2628 et
743 2587 999 2630 tenementis
1034 2588 1168 2643 pratis
1202 2586 1440 2629 redditibus
1471 2585 1655 2642 pasturis
1690 2587 1733 2626 et
1766 2584 1895 2626 vastis
1928 2597 2024 2625 cum
2063 2582 2149 2626 suis

201 2675 475 2733 pertinenciis
514 2691 596 2732 que
636 2691 772 2733 nuper
811 2676 988 2720 fuerunt
1023 2677 1166 2720 Pmm
1203 2677 1484 2720 BAwnEww
1523 2675 1570 2718 in
1609 2675 1749 2719 SmNT
1783 2672 1957 2716 DONET'
1993 2676 2034 2715 et
2069 2687 2150 2728 que

198 2766 339 2810 dictus
359 2766 645 2811 WILLELMUS
665 2768 718 2810 de
739 2768 1013 2811 STRADLYNG
1034 2772 1179 2825 postea
1193 2768 1345 2812 habuit
1364 2783 1417 2810 ex
1432 2768 1542 2810 dono
1563 2769 1606 2809 et
1625 2764 1900 2808 feoffamento
1920 2763 1950 2806 J
1952 2777 2150 2804 OHANNIS

199 2857 521 2902 WYNCHESTRE
557 2858 720 2901 domini
755 2859 808 2901 de
849 2858 1067 2902 LANnow.
1141 2858 1213 2902 Ita
1248 2860 1361 2914 quod
1396 2873 1474 2901 nec
1500 2872 1580 2913 ego
1609 2856 1722 2899 dicta
1754 2855 2042 2897 MARGARETA
2074 2868 2151 2896 nec

196 2948 374 2991 heredes
393 2948 478 2990 mei
498 2963 576 2991 nec
596 2948 751 3005 aliquis
776 2949 886 2992 alius
911 2950 1083 2992 nomine
1111 2952 1254 2993 nostro
1280 2949 1453 3005 aliquod
1473 2947 1544 3004 jus
1563 2947 1631 2989 vel
1652 2946 1861 2989 clameum
1881 2944 1927 2987 in
1947 2943 2145 3000 predictis

194 3039 323 3082 terris
356 3041 399 3081 et
432 3039 689 3082 tenementis
720 3039 854 3096 pratis
893 3040 1132 3083 redditibus
1164 3039 1348 3095 pasturis
1383 3042 1425 3081 et
1457 3037 1586 3080 vastis
1619 3051 1714 3079 cum
1755 3035 1841 3078 suis
1880 3034 2152 3091 pertinenciis

408 3179 491 3213 7w
