2386 3645
1945 231 2056 272 1293

1049 428 1231 472 MXIV.

167 533 615 581 AOQUITTANGE
660 533 746 576 BY
791 533 1062 587 THOMAS,
1110 536 1316 579 ABBOT
1363 537 1441 579 OF
1487 537 1942 593 TEWKESBURY,
1988 541 2113 585 FOR

313 624 572 668 ELEVEN
602 623 853 668 POUNDs
885 625 1011 668 TEN
1042 625 1381 669 SHILLINGS
1419 627 1598 671 FARM
1644 629 1813 671 RENT
1859 630 1937 673 OF
1982 632 2113 674 THE

312 714 652 758 OHUROHES
684 715 762 758 OF
793 715 1098 759 KENEFEG
1128 717 1263 760 AND
1294 717 1694 771 NEWOASTLE,
1727 719 1802 762 ΤΟ
1835 720 2112 765 MARGAM

315 805 542 849 ABBEY.

885 880 1116 938 [MARGAM
1149 882 1404 938 CHARTER]

1357 975 1413 1016 20
1445 974 1630 1017 MARCH.
1695 976 1817 1017 1354.
1884 975 2057 1034 [1355]

230 1063 383 1106 Pateat
421 1064 629 1106 universis
664 1078 739 1119 per
773 1067 989 1119 presentes
1021 1065 1136 1119 quod
1166 1079 1243 1107 nos
1275 1064 1466 1107 THOMAS
1499 1066 1772 1121 permissione
1808 1067 1955 1109 divina
1990 1067 2120 1111 abbas

169 1155 415 1197 monasterii
456 1155 782 1197 TEUKESBURIE
824 1154 1181 1198 WYGORNIENSIS
1220 1156 1429 1199 dioceseos
1465 1160 1507 1199 et
1546 1156 1739 1212 ejusdem
1773 1158 1854 1200 loci
1889 1162 2123 1202 conventus

171 1246 405 1302 recepimus
426 1249 468 1288 et
489 1245 717 1288 habuimus
737 1246 790 1288 de
809 1246 1019 1302 religiosis
1050 1247 1153 1289 viris
1187 1246 1340 1289 abbate
1376 1252 1419 1290 et
1454 1252 1667 1290 conventu
1701 1249 1754 1291 de
1789 1248 1990 1291 Momm
2027 1249 2120 1292 Ors-

172 1352 428 1380 TERCIENSIS
463 1337 624 1380 ordinis
663 1336 984 1379 LANDAVENSIS
1025 1337 1234 1380 dioceseos
1272 1339 1472 1381 undecim
1511 1338 1641 1382 libras
1686 1344 1727 1382 et
1778 1340 1922 1382 decem
1972 1341 2127 1383 solidos

172 1430 477 1486 sterlingorum
512 1444 588 1485 pro
620 1429 803 1472 termino
834 1429 996 1471 Pasche
1028 1429 1221 1485 proximo
1257 1430 1403 1472 futuro
1436 1433 1531 1486 post
1566 1431 1716 1473 datum
1750 1431 2014 1487 presencium
2048 1447 2125 1488 pro

171 1524 377 1578 perpetua
399 1522 522 1563 firma
543 1520 813 1563 ecclesiarum
833 1521 885 1562 de
902 1519 1125 1562 KENEFEC
1146 1525 1188 1563 et
1209 1522 1261 1563 de
1283 1521 1413 1564 Novo
1436 1520 1607 1563 CASTRO
1643 1522 1754 1564 dicte
1785 1522 2003 1565 dioceseos.
2066 1522 2123 1565 In

171 1613 295 1669 cujus
314 1613 376 1654 rei
396 1612 690 1654 testimonium
711 1612 903 1668 sigillum
925 1616 1118 1654 nostrum
1139 1613 1341 1654 duximus
1362 1612 1628 1668 presentibus
1649 1614 1963 1668 apponendum.

229 1704 395 1746 Datum
416 1704 531 1759 apud
551 1703 916 1746 TEUKESBURIAM
938 1710 1054 1745 xme·
1076 1703 1145 1745 die
1171 1703 1327 1746 mensis
1363 1703 1516 1746 Marcii
1536 1720 1649 1746 anno
1671 1704 1850 1747 Domini
1870 1712 1962 1747 M¹¹¹⁰·
1994 1711 2121 1747 cccm-

175 1794 529 1851 quinquagesimo
550 1796 713 1850 quarto.

230 1886 415 1929 Pointed
436 1885 531 1928 oval
552 1885 651 1937 seal,
673 1885 984 1941 fragmenfflry,
1008 1901 1139 1941 green
1159 1901 1268 1937 wax,
1290 1886 1421 1928 about
1445 1886 1557 1941 l-g-in.
1582 1887 1640 1942 by
1670 1887 1757 1941 gin.
1792 1887 1916 1928 when
1944 1886 2120 1942 perfect.

171 1977 264 2021 The
285 1977 444 2034 Virgin
466 1978 550 2020 and
573 1977 714 2030 Ohild,
737 1978 874 2019 under
895 1993 920 2019 a
940 1977 1179 2019 crooketted
1200 1993 1378 2033 canopy.

796 2072 806 2091 ‘
829 2082 878 2110 SE
896 2118 903 2123 ι
901 2101 1292 2111 ............
1317 2069 1485 2112 BURIE.'

1072 2326 1227 2370 MXV.

173 2433 564 2477 DISGLAIMER
628 2433 715 2476 BY
775 2433 1069 2478 WILLIAM
1129 2435 1213 2477 DE
1274 2435 1496 2478 MARLE
1565 2436 1642 2479 OF
1702 2435 1989 2479 PAsTURE
2051 2435 2124 2478 IN

317 2525 399 2568 ST.
472 2525 813 2568 MIOHAEL'S
889 2525 1164 2578 GRANGE,
1237 2527 1309 2569 IN
1384 2527 1645 2571 FAVOUR
1705 2527 1783 2569 OF
1844 2525 2121 2569 MARGAM

316 2616 544 2660 ABBEY.

886 2690 1117 2748 [MARGAM
1149 2692 1405 2749 CHARTER]

1435 2784 1724 2826 MIDSUMMER
1754 2783 1870 2825 DAY.
1934 2782 2058 2824 1354.

231 2890 441 2935 Omnibus
474 2889 662 2933 CHRISTI
693 2890 890 2933 fidelibus
920 2893 975 2933 ad
1010 2907 1191 2947 quorum
1220 2892 1422 2934 noticiam
1448 2896 1663 2948 presentes
1694 2891 1814 2933 litere
1849 2891 2118 2946 pervenerint

172 2981 457 3026 WILLELMUS
478 2981 530 3023 de
551 2980 722 3023 MARLE
743 2983 934 3024 eternam
955 2982 1000 3023 in
1022 2982 1195 3025 domino
1216 2983 1408 3025 salutem.
