2386 3645
1967 273 2075 314 1357

189 473 256 516 sui
275 473 398 517 nobis
416 473 595 530 prefatis
623 472 892 515 LAURENCIO
921 474 964 514 et
993 472 1223 515 ELIZABET
1251 473 1476 517 heredibus
1506 476 1730 532 assignatis
1749 478 1817 519 vel
1841 479 2132 522 executoribus

190 564 346 606 nostris
379 564 603 607 tresdecim
635 563 765 605 libras
805 578 880 605 sex
919 563 1074 605 solidos
1108 566 1150 606 et
1185 566 1276 606 octo
1313 565 1506 607 denarios
1540 566 1698 608 usualis
1729 571 1897 609 monete
1928 569 1983 610 ad
2020 569 2129 611 festa

189 654 470 698 Pentecosten
497 654 644 697 Sancti
667 654 927 697 MICHAELIS
948 656 990 696 et
1020 654 1175 696 natalis
1204 654 1381 697 Domini
1411 670 1486 710 per
1506 656 1676 710 equales
1695 657 1909 712 porciones
1937 659 2131 701 videlicet

188 748 298 788 111Jl.
341 749 544 788 vnssolzd.
588 748 631 788 et
669 748 740 787 xd.
782 746 841 786 ob.
873 745 929 786 ad
959 744 1192 800 quemlibet
1221 745 1501 788 terminorum
1531 746 1819 801 predictorum
1848 750 1891 790 et
1919 749 2130 803 predictus

189 835 380 879 THOMAs
396 839 439 879 et
453 837 628 879 heredes
643 836 710 878 sui
729 836 797 879 vel
817 838 1059 878 executores
1079 836 1244 879 solvent
1260 837 1483 879 annuatim
1495 837 1664 880 ballivis
1685 838 1907 880 comitatus
1920 838 2128 881 GLAMOR-

191 942 355 970 GANCIE
383 942 460 984 pro
487 928 630 969 warda
657 927 784 969 castri
813 927 866 969 de
896 926 1118 969 KAIRDIF'
1139 942 1216 983 pro
1244 927 1356 970 dicto
1382 928 1571 970 manerio
1599 931 1759 982 septem
1786 929 1941 971 solidos
1962 932 2004 971 et
2025 930 2133 972 duos

188 1018 395 1061 denarios.
469 1017 585 1061 Item
634 1018 799 1060 solvent
848 1017 1018 1060 ballivis
1067 1019 1120 1060 de
1167 1018 1501 1061 LANBLETHIAN
1552 1020 1658 1061 duos
1698 1019 1853 1062 solidos
1891 1020 1959 1062 vel
1997 1035 2132 1062 unum

188 1109 479 1166 esperuarium
500 1111 542 1151 et
567 1109 672 1151 dicti
700 1108 996 1151 LAURENcms
1027 1112 1069 1151 et
1101 1107 1328 1152 ELIZABET
1358 1110 1520 1153 dictum
1549 1111 1787 1153 manerium
1815 1110 1862 1152 in
1891 1113 2135 1167 coopertura

190 1199 452 1256 reparabunt
473 1203 515 1243 et
538 1204 764 1256 postquam
795 1200 850 1243 sit
871 1203 1158 1256 competenter
1177 1204 1420 1256 reparatum
1449 1201 1662 1257 predictus
1692 1201 1881 1244 THOMAs
1902 1205 1945 1244 et
1963 1201 2135 1244 heredes

188 1292 257 1334 vel
276 1291 343 1334 sui
363 1294 606 1334 executores
627 1291 791 1334 dictum
816 1291 1058 1333 manerium
1086 1290 1427 1334 manutenebunt
1445 1291 1746 1335 sustentabunt
1776 1295 1819 1334 et
1838 1292 1884 1333 in
1904 1293 2007 1334 adeo
2027 1291 2137 1334 bono

189 1385 306 1425 statu
335 1398 410 1425 seu
438 1383 605 1425 meliori
635 1382 856 1425 dimittent
887 1382 1126 1438 sumptibus
1147 1382 1233 1425 suis
1251 1383 1433 1439 propriis
1453 1386 1496 1426 et
1515 1383 1721 1439 expensis.
1782 1383 1843 1426 Et
1863 1383 1898 1426 si
1918 1384 2138 1440 contingat

188 1474 302 1529 quod
317 1474 531 1530 predictus
546 1474 739 1516 redditus
754 1473 914 1530 viginti
934 1488 1172 1516 marcarum
1188 1489 1213 1515 a
1229 1476 1340 1516 retro
1356 1489 1443 1516 esse
1459 1474 1505 1515 in
1525 1477 1644 1530 parte
1661 1474 1729 1516 vel
1744 1474 1790 1516 in
1805 1476 1894 1516 toto
1909 1489 1984 1529 per
2003 1489 2139 1516 unum

186 1579 375 1607 mensem
398 1568 493 1621 post
515 1565 702 1621 aliquem
722 1565 957 1608 terminum
987 1565 1252 1621 assignatum
1282 1565 1350 1607 vel
1379 1565 1543 1607 dictum
1571 1565 1810 1607 manerium
1839 1567 1959 1607 extra
1988 1579 2140 1606 manus

186 1671 283 1699 suas
312 1656 504 1712 proprias
544 1656 674 1699 alicui
714 1657 881 1699 tradere
923 1657 1037 1713 quod
1071 1659 1174 1698 tunc
1204 1655 1311 1698 bene
1340 1656 1467 1698 liceat
1495 1655 1616 1698 nobis
1645 1655 1844 1712 predictis
1873 1655 2141 1697 LAURENCIO

185 1750 228 1789 et
258 1747 491 1790 ELIZABET
521 1747 749 1790 heredibus
779 1747 848 1790 vel
878 1747 1105 1804 assignatis
1134 1747 1288 1790 nostris
1318 1747 1364 1789 in
1392 1747 1582 1803 predicto
1611 1747 1800 1789 manerio
1828 1761 1924 1788 cum
1944 1746 2140 1788 omnibus

185 1839 273 1882 suis
292 1838 566 1895 pertinenciis
587 1839 748 1881 intrare
769 1843 812 1881 et
831 1839 1014 1881 retinere
1034 1839 1349 1895 imperpetuum
1364 1838 1453 1881 sine
1470 1838 1613 1894 aliqua
1630 1837 1962 1880 contradictione
1979 1852 2136 1879 eorum.

185 1929 247 1972 Et
267 1944 343 1972 nos
363 1930 545 1985 predicti
564 1929 862 1973 LAURENCIUS
883 1932 926 1972 et
946 1929 1176 1971 ELIZABET
1203 1944 1310 1971 uxor
1339 1944 1434 1971 mea
1463 1931 1602 1971 totum
1631 1928 1870 1984 predictum
1899 1928 2138 1970 manerium

185 2035 283 2064 cum
308 2020 507 2064 omnibus
534 2020 620 2063 suis
649 2020 923 2077 pertinenciis
955 2021 1137 2062 durante
1166 2019 1347 2062 termino
1377 2019 1565 2075 predicto
1597 2018 1762 2074 prefato
1793 2018 1960 2061 ΤΗΟΜΕ
1991 2021 2136 2060 contra

184 2127 330 2154 omnes
360 2115 510 2168 gentes
539 2111 923 2154 warantizabimus.
986 2111 1089 2154 Hiis
1118 2111 1296 2154 testibus
1328 2145 1336 2153 .
1370 2110 1399 2153 J
1402 2125 1589 2152 OHANNE
1612 2109 1826 2152 ROPPERT
1857 2143 1865 2151 .
1899 2109 2054 2151 vam
2082 2123 2135 2164 ap

184 2201 415 2246 GRIFFITH
436 2218 490 2259 ap
511 2203 635 2246 REEs
655 2203 820 2247 VELYN
845 2235 853 2244 .
878 2202 1109 2245 GRIFFITH
1134 2217 1188 2258 ap
1209 2201 1238 2244 J
1240 2216 1428 2244 ANEKYN
1461 2216 1514 2257 ap
1543 2200 1692 2243 ARON’
1727 2234 1735 2243 .
1768 2200 1924 2242 DAvm
1954 2198 2132 2250 YONGE,

181 2298 224 2337 et
245 2295 351 2338 aliis.
413 2295 530 2337 Data
550 2296 667 2351 apud
686 2295 1054 2337 MARTHELMAUR
1075 2294 1143 2336 die
1164 2296 1207 2336 et
1227 2308 1339 2335 anno
1360 2292 1625 2348 supradictis.

239 2386 296 2428 In
329 2386 396 2442 cuj
405 2402 451 2428 us
486 2386 548 2428 rei
583 2386 878 2428 testimonium
914 2385 997 2427 hiis
1029 2385 1268 2427 indenturis
1309 2398 1385 2425 nos
1419 2385 1560 2439 partes
1599 2382 1779 2438 predicti
1811 2381 1952 2438 sigilla
1986 2383 2129 2423 nostra

179 2477 427 2520 alternatim
459 2477 734 2533 apposuimus
777 2510 784 2518 .
823 2492 871 2518 ac
898 2476 1031 2518 eciam
1059 2476 1173 2531 quod
1205 2474 1419 2531 predictus
1456 2473 1644 2515 THOMAs
1675 2471 1849 2514 habebit
1879 2471 2128 2514 meremium

180 2568 374 2611 sufisiens
413 2583 490 2624 pro
530 2568 665 2610 dictas
705 2568 856 2610 domus
896 2567 1174 2610 sustentando
1214 2568 1257 2607 et
1295 2565 1546 2607 meremium
1575 2567 1770 2606 vocatum
1799 2562 2016 2604 fraxinum
2050 2576 2126 2617 pro

178 2674 348 2702 carucas
368 2674 464 2701 suas
484 2659 679 2701 faciendo
701 2662 744 2701 et
764 2662 830 2700 ter
849 2656 1076 2700 brasciabit
1097 2655 1286 2712 quolibet
1316 2670 1428 2697 anno
1459 2655 1548 2696 sine
1568 2653 1893 2696 amerciamento
1912 2652 2120 2707 ponendo.

238 2748 331 2792 The
351 2750 459 2792 deed
478 2749 514 2791 is
533 2750 764 2800 indented3
795 2748 868 2791 the
889 2748 976 2790 seal
996 2748 1041 2790 in
1061 2748 1137 2789 red
1156 2762 1251 2789 wax
1270 2745 1393 2788 bears
1412 2744 1564 2787 within
1584 2759 1609 2786 a
1629 2744 1780 2786 carved
1798 2743 1925 2799 panel
1945 2757 1970 2784 a
1989 2741 2125 2784 shield

177 2839 224 2883 of
254 2840 605 2896 arms—chequy,
629 2854 685 2882 on
706 2855 732 2882 a
751 2838 865 2881 bend
885 2842 970 2880 two
990 2837 1213 2880 uncertain
1233 2836 1421 2892 charges.

673 2932 682 2952 ί
704 2935 746 2978 -Ι-
786 2942 1001 2971 SIGILLUM
1034 2962 1042 2970 .
1076 2940 1295 2969 IOHANNIS
1326 2958 1335 2968 .
1368 2924 1637 2967 CRANLEGH.'

711 3019 769 3049 See
785 3019 890 3057 Birch,
909 3017 1009 3048 Catal.
1024 3018 1063 3056 of
1077 3016 1162 3048 Seals
1176 3017 1212 3047 in
1229 3016 1310 3046 Brit.
1326 3016 1418 3053 Mus„
1432 3015 1493 3045 No.
1508 3015 1603 3052 9948.
