2386 3645
1950 280 2059 321 1595

240 485 422 528 Noverit
465 484 718 527 universitas
765 487 903 526 vestra
949 498 1025 525 nos
1070 483 1234 525 litteras
1281 483 1568 539 infrascriptas
1616 484 1784 527 discreti
1832 485 1913 527 viri
1961 485 2123 528 domini

182 575 415 618 JOHANMS
456 591 509 631 ap
549 575 701 617 DAvm
742 589 795 630 ap
838 574 996 617 Gnoso
1035 573 1264 616 KNAYTHO
1305 574 1453 616 decani
1496 575 1724 617 decanatus
1770 576 1822 617 de
1870 576 2123 618 GROUNETH

183 666 505 708 LANDAVENSIS
551 665 801 722 [dioceseos]
846 664 968 707 nobis
1008 664 1188 707 directas
1227 664 1428 720 recepisse
1475 664 1553 707 sub
1598 668 1741 707 tenore
1790 666 2012 709 verborum
2052 667 2126 722 qui

185 757 386 812 sequitur.

246 865 307 919 (1)
341 864 589 908 Venerabili
620 867 663 906 et
694 863 993 919 circumspecto
1025 863 1113 904 viro
1141 863 1346 919 magistro
1375 863 1588 905 RoBERTo
1613 863 1815 915 THOMAs,
1835 864 2054 906 reverendi
2082 863 2128 906 in

187 954 384 998 Onmsm
418 955 552 1010 patris
586 958 628 996 et
661 953 824 996 domini
856 953 1021 995 domini
1055 953 1287 995 NIGHOLAI
1320 953 1403 996 Dei
1434 954 1570 1009 gratia
1594 954 1776 1009 episcopi
1797 953 2129 1006 LANDAVENsis,

186 1050 306 1088 extra
326 1061 445 1088 suam
467 1045 662 1087 diocesim
685 1045 731 1087 in
752 1045 923 1087 remotis
946 1044 1126 1100 agentis,
1148 1044 1194 1086 in
1216 1045 1386 1086 civitate
1413 1048 1455 1086 et
1484 1044 1637 1086 diocesi
1658 1044 1954 1086 LANDAVENSI
1975 1044 2129 1087 vicario

186 1136 231 1178 in
254 1135 545 1192 spiritualibus
566 1135 753 1191 generali
777 1150 824 1176 ac
845 1135 1008 1177 custodi
1029 1135 1259 1176 eorundem
1282 1168 1290 1176 .
1309 1134 1463 1178 Vester
1482 1134 1656 1176 humilis
1676 1134 1873 1175 dominus
1893 1133 1922 1176 J
1925 1147 2133 1175 OHANNES

186 1242 241 1283 ap
262 1226 417 1269 DAvm
440 1226 597 1268 GRONo
627 1226 856 1268 KNAYTHO
885 1226 1114 1267 decanatus
1144 1226 1196 1267 de
1227 1224 1484 1267 GROUNETH
1515 1225 1698 1266 decanus
1727 1239 1891 1266 necnon
1921 1228 2057 1266 vester
2088 1224 2133 1266 in

188 1318 267 1360 hac
307 1321 427 1373 parte
468 1318 523 1359 ad
562 1317 833 1372 infrascripta
875 1316 1182 1358 commissarius
1223 1316 1457 1371 specialiter
1497 1316 1726 1371 deputatus
1766 1314 2053 1357 obedienciam
2093 1318 2135 1357 et

187 1409 471 1451 reverenciam
493 1409 631 1450 eidem
652 1411 773 1450 tanto
794 1408 884 1449 viro
907 1410 949 1450 et
968 1407 1173 1463 magistro
1195 1406 1358 1449 debitas
1377 1422 1473 1448 cum
1492 1406 1664 1449 honore.

246 1525 436 1568 Litteras
457 1528 616 1568 vestras
637 1525 899 1567 venerandas
921 1539 1056 1579 nuper
1078 1523 1216 1579 recepi
1237 1522 1314 1565 sub
1335 1526 1480 1565 tenore
1501 1522 1725 1565 verborum
1746 1522 1820 1577 qui
1840 1521 2041 1577 sequitur.

250 1642 310 1696 (2)
348 1641 588 1683 Rossmzws
609 1640 800 1682 THOMAS
820 1640 866 1682 in
887 1640 1058 1682 civitate
1079 1642 1121 1681 et
1141 1639 1295 1681 diocesi
1315 1638 1614 1681 LANDAVENSI
1634 1638 1854 1680 reverendi
1874 1638 1920 1679 in
1942 1637 2137 1680 Cmusro

189 1732 322 1788 patris
343 1735 384 1774 et
406 1732 569 1774 domini
590 1731 753 1773 domini
775 1731 1007 1773 NIOHOLAI
1029 1730 1112 1772 Dei
1134 1730 1272 1786 gratia
1300 1730 1484 1786 episcopi
1512 1729 1844 1780 LANDAVENffls,
1868 1732 1987 1771 extra
2017 1743 2136 1770 suam

191 1823 390 1865 diocesim
410 1823 455 1864 in
476 1822 649 1864 remotis
670 1822 849 1877 agentis,
873 1822 1053 1864 vicarius
1073 1822 1118 1863 in
1143 1820 1433 1877 spiritualibus
1453 1820 1662 1876 generalis
1678 1835 1726 1861 ac
1741 1822 1878 1862 custos
1892 1820 2134 1870 eorundem,

189 1914 343 1956 dilecto
383 1913 505 1955 nobis
544 1914 590 1955 in
633 1912 830 1955 CHRISTO
872 1913 1044 1955 domino
1085 1912 1114 1955 J
1117 1926 1292 1954 oHANNI
1335 1927 1388 1967 ap
1428 1911 1583 1953 Dum
1623 1912 1780 1953 decano
1821 1912 2048 1952 decanatus
2084 1911 2136 1952 de

189 2004 461 2048 GROUNETH'
484 2004 806 2047 LANDAVENSIS
827 2004 1036 2046 dioceseos
1058 2004 1237 2045 salutem
1258 2003 1303 2044 in
1324 2005 1493 2044 auctore
1514 2002 1674 2044 salutis.

245 2121 319 2163 Ad
339 2121 572 2163 sedendum
593 2121 828 2163 vocandum
852 2120 1072 2162 citandum
1093 2124 1133 2161 et
1156 2120 1210 2161 ad
1226 2119 1528 2174 inquirendum
1549 2120 1590 2160 et
1607 2117 1794 2159 debitam
1814 2117 2135 2173 inquisicionem

188 2212 433 2255 faciendum
473 2227 548 2267 per
582 2211 739 2267 viginti
781 2215 964 2267 quatuor
994 2212 1105 2253 viros
1136 2210 1372 2266 fidedignos
1402 2210 1454 2251 de
1486 2208 1741 2251 secularibus
1768 2209 1820 2251 de
1855 2208 2051 2264 parochia
2083 2208 2135 2250 de

189 2301 525 2344 LLANGUNETH'
559 2305 602 2344 et
634 2303 686 2344 de
720 2302 814 2344 aliis
846 2302 1054 2358 parochiis
1086 2300 1457 2357 propinquioribus
1492 2301 1544 2342 de
1580 2298 1813 2341 senioribus
1848 2302 1889 2340 et
1925 2313 1999 2354 per
2033 2298 2136 2339 alios

190 2395 301 2436 viros
336 2393 632 2435 ecclesiasticos
666 2394 712 2435 in
748 2408 926 2435 numero
962 2393 1214 2435 sufficientes
1250 2391 1323 2447 qui
1363 2390 1561 2433 sciverint
1600 2393 1643 2433 et
1682 2389 1877 2432 noverint
1916 2389 2053 2431 dicere
2094 2390 2136 2430 et

186 2485 397 2540 deponere
432 2499 480 2525 ac
516 2483 654 2526 facere
690 2483 880 2526 debitam
915 2483 1239 2539 inquisicionem
1274 2483 1326 2523 de
1363 2485 1404 2523 et
1441 2496 1566 2537 super
1600 2495 1719 2523 veros
1754 2481 1858 2522 fines
1896 2479 2053 2521 limites
2092 2482 2134 2521 et

191 2575 358 2617 bundas
378 2574 489 2616 dicte
510 2574 706 2630 parochie
727 2575 779 2617 de
800 2573 1138 2616 LLANGUNETH'
1162 2576 1203 2615 et
1223 2572 1424 2615 KENFEK
1445 2571 1766 2613 LANDAVEaSIS
1787 2571 1993 2612 dioceseos
2017 2572 2134 2611 ante-

190 2665 302 2708 dicte
331 2668 372 2707 et
405 2665 451 2707 in
483 2664 738 2720 quibusdam
777 2665 968 2720 partibus
1003 2680 1045 2706 se
1080 2664 1356 2706 extendentes
1386 2665 1428 2704 et
1461 2661 1648 2704 debitam
1680 2661 2002 2715 inquisicionem
2036 2660 2136 2702 inde

190 2757 435 2799 faciendum
471 2759 514 2798 et
546 2756 857 2812 expediendum
892 2755 1217 2810 circumquaque
1250 2754 1407 2795 dictam
1439 2752 1680 2808 parochiam
1711 2754 1982 2807 spectantem,
2011 2754 2054 2792 et
2083 2751 2135 2792 de

189 2847 363 2890 decimis
383 2850 426 2890 et
447 2846 669 2903 altaragiis
689 2847 744 2888 ad
765 2847 923 2889 dictam
950 2847 1151 2888 vicariam
1179 2846 1231 2887 de
1257 2843 1596 2886 LLANGUNETH'
1625 2842 1779 2885 debitis
1807 2845 1851 2884 et
1881 2841 2022 2883 omnia
2052 2840 2136 2883 alia

191 2941 234 2980 et
254 2937 425 2993 singula
445 2936 690 2979 faciendum
711 2940 754 2979 et
775 2937 1058 2979 exercendum
1079 2950 1161 2991 que
1180 2935 1226 2977 in
1247 2935 1326 2976 hac
1345 2936 1465 2989 parte
1485 2933 1647 2976 fuerint
1667 2931 1897 2974 necessaria
1916 2931 1983 2973 vel
2004 2931 2135 2973 eciam

192 3030 400 3084 oportuna
420 3027 539 3070 vobis
566 3028 619 3069 de
647 3027 771 3084 cujus
798 3027 1004 3069 fidelitate
1034 3025 1403 3081 circumspectione
1433 3023 1644 3066 industria
1672 3022 1860 3078 plenarie
1888 3022 1934 3063 in
1964 3021 2136 3063 domino
