2386 3645
1898 255 2010 297 1313

130 497 416 507 .........
439 464 588 506 cedula
620 462 887 519 presentibus
919 478 1087 506 annexa
1121 464 1290 519 plenius
1325 465 1566 509 continetur
1603 501 1612 509 .
1645 469 1758 523 quod.
1792 469 2068 524 personaliter

128 557 400 612 compareant
431 569 572 597 coram
601 553 724 597 nobis
750 554 882 597 altero
902 554 992 597 vice
1019 557 1213 597 nostrum
1242 555 1288 597 in
1319 555 1491 598 ecclesia
1510 557 1742 612 parochiali
1770 559 1822 601 de
1852 558 2032 601 KENEF’
2056 592 2066 603 .

129 647 209 690 hac
234 646 421 689 instante
441 645 510 687 die
530 644 710 687 MARTIS
729 644 925 701 proxima
943 647 1040 701 post
1065 645 1226 688 festum
1246 646 1393 689 Sancti
1412 646 1653 689 LEONARDI
1675 681 1684 690 .
1707 648 1810 690 dicti
1829 648 1858 692 J
1861 663 2070 693 GHANNES

129 743 172 783 et
191 738 319 782 ceteri
340 771 349 781 .
372 739 425 780 de
444 736 568 780 KEN’
590 769 601 780 .
622 737 835 779 nominati
860 737 1117 793 proposituri
1145 739 1395 781 canonicum
1415 738 1451 781 si
1471 739 1576 795 quid
1594 738 1782 782 habeant
1801 743 1844 783 et
1863 741 2071 784 ostensuri

124 845 256 887 quare
282 828 537 872 nominatim
563 827 758 871 nunciari
778 843 865 871 non
888 827 1072 871 debeant
1092 831 1135 871 et
1155 862 1165 872 .
1191 862 1199 872 .
1225 863 1234 872 .
1259 863 1268 872 .
1291 829 1647 872 excommunicati
1668 863 1677 872 .
1699 844 1775 886 pro
1800 845 1848 873 eo
1871 831 2069 874 videlicet

129 924 173 965 et
193 936 246 964 ex
266 935 315 963 eo
336 920 451 976 quod
477 919 567 975 ipsi,
589 921 632 961 et
659 918 840 974 quilibet
867 920 1099 963 eorundem
1121 954 1130 962 .
1153 920 1286 976 pisces
1310 920 1496 963 diversos
1526 934 1552 962 a
1575 919 1754 975 piscaria
1782 920 2076 977 religiosorum

133 1014 322 1056 virorum
337 1011 503 1055 abbatis
516 1011 568 1054 de
589 1010 795 1053 MARGAN
812 1013 856 1053 et
875 1010 1069 1067 ejusdem
1089 1011 1171 1054 loci
1191 1015 1424 1054 conventus
1440 1026 1493 1054 ex
1507 1011 1598 1054 loco
1610 1011 1807 1054 videlicet
1822 1011 2079 1055 KENEFEEG

133 1119 173 1147 rs
193 1118 296 1147 Pon.
311 1101 548 1159 vulgariter
567 1104 814 1157 nuncupato
834 1116 932 1144 cum
964 1102 1085 1158 aquis
1105 1102 1402 1158 adjacentibus
1421 1105 1562 1158 preter
1582 1105 1625 1144 et
1659 1105 1805 1145 contra
1817 1103 2082 1146 voluntatem

133 1195 346 1238 dictorum
374 1192 670 1249 religiosorum
695 1206 769 1234 seu
799 1191 867 1234 dic
889 1225 1243 1236 ...........
1266 1195 1469 1249 ceperunt
1497 1196 1757 1249 occuparunt
1786 1196 1830 1236 et
1858 1208 1935 1249 pro
1958 1193 2082 1237 libito

132 1284 368 1330 voluntatis
398 1283 631 1327 eorundem
662 1283 1009 1339 delinquencium
1040 1283 1281 1340 disposuere
1313 1284 1366 1327 de
1397 1284 1557 1327 eisdem
1585 1284 1729 1327 minus
1757 1283 1871 1340 juste
1903 1317 1912 1326 .
1945 1284 2084 1327 dictus

135 1392 234 1420 vero
254 1376 378 1419 REEs
399 1377 442 1418 et
462 1374 589 1418 ceteri
609 1375 663 1417 de
682 1373 850 1417 AVENE
880 1374 1138 1431 proposituri
1164 1375 1322 1431 pariter
1342 1378 1385 1418 et
1406 1375 1615 1418 ostensuri
1635 1391 1719 1432 qua
1739 1378 1781 1419 et
1801 1375 1931 1418 simili
1960 1376 2087 1419 modo

134 1483 222 1511 non
243 1466 427 1509 debeant
446 1465 642 1508 nunciari
662 1465 1041 1508 excommunicati.
1058 1481 1106 1508 eo
1128 1467 1243 1522 quod
1261 1466 1395 1523 pisces
1416 1468 1469 1510 de
1485 1467 1665 1523 piscaria
1684 1467 1895 1510 dictorum
1915 1467 2085 1523 religio-

134 1574 276 1603 sorum
299 1592 307 1601 .
337 1558 384 1600 in
414 1560 458 1600 et
487 1558 540 1599 de
571 1571 682 1613 aqua
712 1557 765 1599 de
794 1557 961 1599 AVENE
994 1557 1269 1600 consimiliter
1302 1560 1562 1614 occuparunt
1594 1561 1644 1601 ut
1677 1558 1891 1615 prefertur
1930 1558 2087 1601 facturi

137 1651 252 1708 quod.
271 1664 345 1692 vos
367 1679 376 1689 .
401 1682 409 1691 .
435 1680 445 1693 .
470 1682 478 1691 .
502 1650 545 1690 et
564 1647 775 1704 recepturi
796 1648 909 1703 quod.
939 1647 1072 1691 fuerit
1100 1648 1268 1705 justum
1291 1682 1300 1693 .
1325 1648 1430 1705 quid
1454 1664 1552 1692 vero
1579 1649 1765 1692 feceritis
1794 1650 1840 1692 in
1870 1650 2088 1706 premissis

137 1755 214 1784 nos
232 1739 301 1782 vel
321 1739 505 1781 alterum
525 1740 720 1780 nostrum
741 1738 866 1780 dictis
886 1738 954 1781 die
975 1741 1019 1781 et
1038 1739 1129 1781 loco
1151 1739 1388 1783 certificetis
1409 1743 1708 1797 competenter.

196 1831 363 1874 Datum
391 1829 507 1885 apud
538 1828 694 1872 GomF
725 1829 909 1872 secundo
939 1829 1008 1872 die
1038 1829 1196 1873 mensis
1225 1829 1483 1875 Novembris
1499 1863 1509 1876 .
1532 1846 1645 1874 anno
1666 1831 1829 1874 domini
1850 1838 1942 1874 Mum·
1963 1838 2090 1874 cocum·

141 1930 226 1967 Lx0·
249 1921 414 1978 quinto.

197 2012 494 2056 Endorsed—‘
510 2011 647 2068 Cujus
674 2012 927 2055 auctoritate
954 2013 1149 2055 mandati
1172 2046 1180 2054 .
1204 2012 1235 2056 J
1237 2013 1418 2057 ohanem
1438 2013 1584 2070 Philip
1607 2047 1616 2056 .
1639 2018 1681 2057 et
1702 2016 1859 2057 ceteros
1879 2014 1932 2056 sle
1952 2013 2088 2056 Kenf'

141 2107 188 2149 in
215 2103 365 2148 cedula
387 2102 487 2145 huic
514 2103 718 2145 mandato
747 2117 914 2145 annexa
936 2134 1188 2146 ........
1211 2106 1352 2160 preter
1373 2104 1433 2148 W
1436 2137 1686 2149 ........
1708 2104 1904 2147 inventos
1933 2104 2055 2147 citari
2076 2138 2087 2148 .

141 2189 272 2233 Hoel'
294 2206 348 2248 ap
371 2192 511 2236 Gruff'
527 2193 674 2250 Hagir
697 2227 706 2236 .
730 2194 843 2237 Rees
863 2209 917 2250 ap
932 2193 1074 2237 Gruff’
1093 2194 1269 2250 Gethyn
1293 2230 1301 2238 .
1324 2195 1355 2239 J
1357 2211 1464 2239 evan
1478 2210 1531 2252 ap
1545 2194 1722 2252 Philpot
1739 2229 1748 2238 .
1768 2194 1878 2237 Rees
1898 2209 1952 2250 ap
1975 2228 1984 2237 .
2009 2226 2018 2235 .
2044 2226 2052 2236 .
2078 2226 2087 2235 .

143 2296 197 2338 ap
220 2316 228 2324 .
254 2316 262 2324 .
288 2316 297 2326 .
321 2283 489 2328 Thoma
510 2285 562 2328 de
584 2285 925 2329 Browneswolde
946 2287 998 2329 de
1020 2286 1171 2330 Avene
1191 2287 1469 2344 personaliter
1489 2287 1685 2330 inventos
1706 2286 1827 2329 citari
1843 2287 1898 2328 ad
1919 2299 2085 2341 compa-

142 2373 323 2416 rendum
343 2389 484 2418 coram
503 2376 622 2419 vobis
643 2376 907 2433 conjunctim
938 2380 979 2419 et
1006 2377 1177 2421 divisim
1201 2411 1759 2421 .................
1782 2377 1828 2420 id
1847 2377 1916 2419 fac
1938 2408 2086 2418 .....

141 2465 259 2520 quod.
278 2467 401 2509 tenor
419 2468 614 2510 mandati
634 2468 763 2511 vestri
782 2468 920 2525 exigit
939 2470 983 2512 et
1002 2468 1209 2526 requirit?

204 2554 370 2599 Datum
390 2559 505 2614 apud
525 2557 762 2616 KEN[F1G]
788 2574 860 2602 11J.
889 2558 997 2602 Idus
1016 2559 1273 2603 Novembris
1294 2593 1747 2603 ..............
1771 2556 2075 2615 suprascriptis.

284 2646 363 2677 This
377 2649 457 2678 deed
471 2649 498 2679 is
512 2649 546 2678 in
561 2652 652 2688 parts
666 2650 786 2679 almost
800 2659 889 2680 worn
905 2659 1010 2689 away,
1023 2650 1088 2680 and
1103 2650 1158 2680 the
1174 2650 1278 2680 whole
1293 2650 1320 2680 is
1335 2650 1504 2680 indistinet
1519 2651 1584 2681 and
1598 2651 1674 2681 read
1689 2650 1769 2680 with
1784 2649 1954 2688 difficulty.

355 3139 424 3173 7P
