2386 3645
287 246 397 287 1620

1012 954 1180 996 MOLX
1188 955 1364 997 XXVI.

220 1077 666 1124 ACQUITTANOE
699 1077 783 1120 BY
823 1078 1003 1130 JOHN,
1036 1078 1242 1120 ABBO'P
1280 1078 1358 1121 OF
1398 1079 1855 1133 TEWKESBURY,
1889 1081 1964 1124 ΤΟ
2006 1083 2164 1125 MAR-

365 1169 500 1212 GAM
549 1169 778 1219 ABBEY,
830 1169 953 1211 FOR
1011 1168 1269 1211 ELEVEN
1321 1169 1569 1213 POUNDS
1634 1171 1760 1213 TEN
1812 1171 2164 1225 SHILLINGS‚

364 1260 542 1302 FARM
594 1259 764 1302 RENT
814 1260 936 1302 FOR
987 1259 1116 1302 THE
1169 1259 1509 1305 OHUROHES
1562 1262 1639 1303 OF
1680 1261 1987 1305 KENEFEK
2029 1264 2163 1306 AND

361 1350 759 1394 NEWOASTLE.

932 1441 1157 1496 [MARGAM
1190 1442 1447 1499 CHARTER.]

1335 1552 1356 1592 1
1381 1551 1544 1592 Ame.
1605 1552 1660 1593 28
1683 1551 1807 1594 ΗΕΝ.
1833 1551 1914 1595 VI.
1981 1553 2103 1594 1450.

276 1657 487 1700 Noverint
527 1658 712 1700 universi
753 1673 827 1713 per
867 1662 1080 1713 presentes
1121 1673 1197 1700 nos
1236 1658 1492 1701 JOHANNEM
1533 1659 1806 1713 permissione
1848 1664 1940 1711 eto„
1983 1664 2075 1712 em,
2117 1665 2166 1704 ut

219 1764 344 1804 supra
366 1782 612 1791 ........
636 1750 688 1791 de
722 1748 952 1791 KENEFEK
983 1753 1026 1791 et
1056 1749 1114 1791 N.
1148 1749 1193 1791 O.
1225 1750 1277 1791 de
1297 1750 1479 1792 termino
1501 1750 1844 1793 annunciationis
1864 1751 1985 1793 beate
2007 1752 2165 1794 MAROE

219 1840 371 1882 ultimo
392 1840 592 1895 preterito
614 1844 713 1882 ante
744 1841 893 1882 datum
914 1842 1190 1896 presencium.
1256 1840 1320 1882 De
1349 1841 1503 1896 quibus
1541 1841 1712 1896 quidem
1744 1842 1942 1884 undecim
1973 1842 2092 1885 libris
2125 1847 2167 1886 et

222 1932 366 1972 decem
388 1931 531 1972 solidis
552 1930 852 1987 sterlingorum
873 1932 925 1973 de
946 1932 1068 1973 firma
1083 1932 1272 1987 predicta
1293 1933 1345 1974 de
1366 1932 1547 1974 termino
1563 1932 1751 1988 predicto
1772 1933 1959 1975 fatemur
1978 1948 2055 1976 nos
2075 1933 2165 1978 fore

223 2022 380 2063 solutos
421 2021 665 2077 dictumque
707 2021 902 2064 abbatem
934 2027 976 2064 et
1017 2027 1272 2065 conventum
1303 2024 1355 2065 de
1396 2023 1600 2065 MARGAN
1633 2023 1732 2065 inde
1766 2038 1853 2065 esse
1892 2023 2056 2079 quietos
2091 2040 2166 2080 per

225 2114 438 2167 presentes
461 2146 468 2153 .
492 2112 632 2168 sigillo
652 2116 795 2155 nostro
817 2113 1018 2168 signatas.

283 2202 447 2244 Datum
467 2204 582 2258 apud.
603 2202 910 2245 TEUKESBURY
931 2204 1066 2259 primo
1087 2204 1155 2247 die
1175 2205 1331 2246 mensis
1352 2204 1515 2259 Aprilis
1536 2219 1648 2247 anno
1669 2220 1701 2246 r.
1737 2204 1790 2247 R.
1825 2204 2029 2247 HENmm
2061 2207 2169 2249 sexti

228 2308 269 2349 p.
293 2308 326 2335 o.
350 2293 544 2335 vicesimo
566 2298 724 2336 octavo.

288 2383 517 2439 Imperfeot
539 2385 635 2436 seal,
658 2400 787 2440 green
815 2401 919 2427 wax.
981 2385 1073 2429 The
1104 2390 1309 2428 seeretum
1341 2385 1386 2427 of
1415 2385 1487 2427 the
1519 2385 1665 2428 Abbot
1696 2386 1740 2428 of
1771 2386 2102 2440 TEWKESBURY‚
2124 2404 2170 2432 as

231 2474 461 2517 described.
