2386 3645
1901 287 2009 329 1411

177 481 270 525 Nos
289 497 388 525 vero
407 482 599 538 prefatus
620 482 811 525 Tnoms
831 483 871 525 le
891 483 1162 526 DESPENSER
1182 486 1234 527 de
1255 487 1398 542 gracia
1418 491 1562 530 nostra
1591 491 1760 545 speciali
1792 494 2068 537 concessimus

116 573 316 630 predictis
345 571 628 629 burgensibus
658 577 701 615 et
733 588 879 616 eorum
910 575 1214 618 successoribus
1241 578 1355 632 quod
1386 579 1529 620 omnia
1557 580 1713 635 placita
1745 583 1797 624 de
1829 582 1993 626 forstall
2025 587 2068 627 et

117 664 350 707 homsoken
389 664 505 707 inf-ra
545 664 786 707 libertatem
826 665 928 707 ville
967 669 1109 708 nostre
1150 668 1337 723 predicte
1369 669 1511 725 aliquo
1551 674 1740 727 tempore
1775 674 2069 730 contingencia

116 770 256 798 coram
297 755 608 798 constabulario
648 759 792 798 nostro
828 755 901 811 qui
936 771 1012 812 pro
1049 760 1237 813 tempore
1272 759 1403 802 fuerit
1434 762 1625 804 decetero
1656 763 1911 818 placitentur
1945 768 1987 808 et
2020 766 2067 808 in

116 847 339 890 hundredo
359 850 502 889 nostro
523 846 683 889 ibidem
703 848 1000 890 terminentur.
1063 848 1342 893 Ratificantes
1363 854 1405 894 et
1426 852 1723 896 confirmantes
1754 854 2066 911 imperpetuum

119 953 194 994 per
213 941 428 994 presentes
448 953 524 993 pro
555 937 676 980 nobis
704 941 746 980 et
780 938 1009 981 heredibus
1041 940 1194 983 nostris
1225 956 1371 984 omnes
1402 943 1613 999 predictas
1644 943 1860 988 libertates
1892 948 1980 988 tam
2015 948 2067 989 de

117 1045 228 1072 novo
247 1045 323 1086 per
342 1044 419 1072 nos
439 1044 652 1072 concessas
672 1044 802 1085 quam
822 1045 896 1086 per
914 1031 1123 1087 predictos
1151 1036 1430 1076 antecessores
1460 1038 1624 1078 nostros
1655 1036 1854 1092 predictis
1885 1036 2065 1094 burgen-

117 1121 233 1164 sibus
262 1122 417 1163 nostris
447 1122 499 1163 de
534 1120 761 1163 KAERDYF
802 1124 844 1164 et
883 1137 1028 1164 eorum
1065 1124 1367 1167 successoribus
1401 1125 1519 1181 prius
1555 1127 1686 1169 datas.
1769 1126 1824 1169 In
1858 1127 1980 1184 cujus
2011 1130 2072 1172 rei

117 1213 411 1256 testimonium
430 1212 530 1254 huic
549 1212 735 1268 presenti
756 1216 868 1256 carte
891 1213 1224 1257 confirmacionis
1244 1219 1386 1259 nostre
1407 1221 1449 1259 et
1470 1218 1715 1261 donacionis
1730 1223 1871 1262 nostre
1884 1220 2070 1276 predicte

116 1304 309 1361 sigillum
351 1304 598 1346 cancellarie
629 1310 771 1346 nostre
805 1305 857 1347 de
890 1303 1117 1347 KAERDYF
1138 1307 1340 1350 duximus
1360 1310 1675 1364 apponendum.
1737 1309 1840 1352 Hiis
1860 1310 2038 1354 testibus
2061 1346 2068 1354 .

117 1396 301 1439 dominis
330 1395 361 1439 J
363 1410 551 1437 OHANNE
573 1396 625 1437 de
653 1395 826 1438 SANc‘ro
859 1395 888 1438 J
891 1410 1079 1439 OHANNE
1104 1401 1207 1440 tunc
1238 1398 1482 1442 vicecomite
1506 1404 1650 1443 nostro
1677 1400 2037 1444 GLAMORGANCIE
2066 1437 2074 1445 .

116 1487 288 1530 domino
309 1486 571 1531 WILLELMO
588 1485 891 1529 STRADYLYNG
908 1488 1117 1530 militibus
1135 1523 1143 1531 .
1162 1488 1192 1532 J
1195 1503 1382 1532 OHANNE
1399 1489 1570 1533 BAssET
1589 1526 1596 1534 .
1616 1491 1829 1535 RoBERTo
1843 1492 2072 1536 WALSCHE

117 1577 340 1634 armigeris
364 1611 371 1619 .
395 1576 424 1620 J
427 1591 615 1619 OHANNE
637 1577 677 1619 le
698 1577 801 1619 EYR
830 1582 872 1620 et
903 1578 1011 1621 aliis.
1074 1579 1239 1622 Datum
1270 1581 1385 1636 apud
1417 1580 1644 1623 KAERDYF
1673 1585 1791 1625 sexto
1820 1583 1982 1625 decimo
2003 1584 2072 1626 die

115 1668 362 1712 Ffebruarii
383 1682 496 1710 anno
515 1668 640 1725 regni
662 1668 795 1724 Regis
816 1668 1013 1711 RICARm
1037 1671 1209 1713 secundi
1230 1673 1325 1726 post
1345 1675 1623 1727 conquestum
1643 1673 1852 1716 vicesimo.

174 1760 278 1803 This
299 1759 465 1803 charter
485 1759 521 1801 is
541 1760 586 1801 in
607 1759 691 1802 fair
711 1761 834 1802 order
854 1762 940 1803 and
958 1776 1062 1817 very
1091 1761 1262 1818 legible.
1325 1762 1417 1806 The
1448 1764 1533 1806 scal
1565 1764 1641 1806 has
1676 1765 1780 1807 been
1801 1768 1872 1808 cut
1893 1765 1963 1808 off.
2025 1765 2071 1808 It

111 1867 201 1895 was
222 1852 461 1908 suspended
480 1850 540 1907 by
560 1851 659 1894 four
678 1852 841 1908 plaited
863 1854 982 1896 cords
1004 1853 1048 1895 of
1069 1854 1224 1909 yellow
1255 1854 1349 1897 silk.

164 1943 460 1986 Endorsed—‘
479 1941 609 1985 Carta
649 1942 826 1986 Domini
868 1943 1031 1987 Thome
1066 1944 1107 1987 le
1144 1947 1339 2001 Spenser.
1415 1947 1470 1988 20
1505 1947 1559 1989 R.
1594 1947 1651 1990 23
1712 1947 1891 1990 Also—‘
1906 1947 2072 1991 Datum

114 2034 246 2092 hujus
295 2037 407 2077 carte
440 2040 527 2076 xx0·
552 2049 665 2076 anno
687 2034 863 2077 Ricardi
899 2036 1072 2078 secundi
1090 2035 1130 2078 ἐ
1164 2037 1249 2078 and
1284 2037 1329 2079 in
1362 2052 1387 2079 a
1422 2041 1522 2080 neat
1553 2038 1660 2080 later
1695 2038 1825 2090 hand,
1861 2038 2072 2082 ‘Thomas

116 2124 311 2181 Spenser,
332 2124 400 2167 his
420 2124 744 2167 confirmation)

171 2207 313 2236 Thomas
328 2207 358 2235 le
374 2206 565 2244 Despenser,
581 2215 638 2236 son
655 2207 687 2236 of
704 2207 842 2237 Edward
858 2209 900 2247 by
916 2208 1087 2239 Elizabeth
1102 2209 1299 2247 Burghersh‚
1313 2210 1376 2239 and
1393 2214 1484 2248 great
1509 2211 1643 2248 nephetv
1669 2211 1704 2240 of
1726 2211 1837 2249 Hugh,
1861 2221 1927 2240 was
1953 2211 2060 2241 father

127 2264 159 2292 of
175 2263 294 2300 Isabel,
309 2263 353 2301 by
369 2262 527 2299 marriage
543 2262 703 2292 Countess
719 2264 751 2292 of
768 2263 952 2293 Worcester
966 2265 1030 2294 and
1047 2264 1219 2294 Warwick.
1262 2265 1312 2294 He
1328 2275 1394 2294 was
1409 2267 1490 2303 aged
1506 2272 1572 2295 two
1587 2275 1680 2304 years
1694 2271 1730 2295 at
1744 2267 1793 2295 his
1809 2266 1943 2296 father's
1958 2267 2055 2296 death

126 2319 157 2348 in
175 2319 259 2356 1375,
277 2327 342 2347 was
358 2318 486 2348 created
503 2317 578 2346 Earl
594 2318 627 2347 of
643 2317 835 2348 Gloucester
852 2320 936 2354 1397,
951 2321 1014 2349 and
1030 2320 1193 2350 beheaded
1208 2321 1252 2358 by
1267 2321 1321 2351 the
1336 2321 1446 2351 rabble
1462 2322 1495 2350 of
1512 2321 1632 2351 Bristol
1648 2322 1681 2351 in
1699 2323 1783 2351 1400.

955 2434 1227 2478 MLXXIV.

112 2523 506 2567 INSPEXIMUS
558 2524 644 2566 BY
700 2523 958 2568 THOMAS
1019 2525 1100 2568 LE
1156 2525 1534 2578 DESPENSER,
1567 2526 1736 2570 LORD
1788 2527 1866 2570 OF
1920 2527 2066 2570 GLA-

259 2606 540 2659 MORGAN,
592 2606 738 2659 ETC„
791 2607 870 2649 OF
921 2607 1051 2650 THE
1112 2608 1596 2652 OONFIRMATION
1656 2609 1734 2651 OF
1783 2609 2063 2653 EDWARD

259 2688 366 2730 HIS
408 2687 670 2731 FATHER
716 2689 1106 2746 (34bEDWARD
1148 2689 1259 2739 ΠΙ.)
1305 2690 1380 2733 ΤΟ
1422 2690 1553 2733 THE
1589 2690 1944 2734 BURGESSES
1987 2691 2064 2733 OF

259 2770 517 2813 KENFIG.

796 2828 1048 2886 [Omemm.
1077 2845 1133 2872 AT
1164 2829 1387 2887 KENFIG.]

1261 2914 1314 2954 16
1346 2912 1455 2955 FER.
1517 2912 1573 2953 20
1605 2912 1702 2954 R1c.
1734 2911 1799 2953 Π.
1877 2913 2002 2954 1397.

173 3001 364 3044 THOMAs
383 3001 423 3043 le
444 3000 714 3043 DESPENSER
734 3001 846 3044 filius
868 3007 910 3045 et
930 3003 1050 3045 heres
1070 3004 1232 3046 domini
1253 3003 1475 3045 EDWARDI
1496 3003 1536 3044 le
1553 3002 1819 3045 DESPENSER
1834 3006 1877 3045 et
1890 3004 2060 3047 domine

112 3091 378 3134 ELIZABETH
409 3091 611 3134 consortis
651 3094 724 3134 sue
764 3093 961 3136 dominus
1002 3094 1361 3137 GLAMORGANCIE
1401 3098 1443 3136 et
1483 3093 1772 3136 MORGANCIE.
1852 3093 2062 3137 Omnibus
