<?xml version="1.0" encoding="UTF-8"?>
<!DOCTYPE html PUBLIC "-//W3C//DTD XHTML 1.0 Transitional//EN"
    "http://www.w3.org/TR/xhtml1/DTD/xhtml1-transitional.dtd">
<html xmlns="http://www.w3.org/1999/xhtml" xml:lang="en" lang="en">
 <head>
  <title>
</title>
<meta http-equiv="Content-Type" content="text/html;charset=utf-8" />
  <meta name='ocr-system' content='tesseract 3.04.00' />
  <meta name='ocr-capabilities' content='ocr_page ocr_carea ocr_par ocr_line ocrx_word'/>
</head>
<body>
  <div class='ocr_page' id='page_1' title='image "./cartaeetaliamuni04claruoft_0092.png"; bbox 0 0 2386 3645; ppageno 0'>
   <div class='ocr_carea' id='block_1_1' title="bbox 308 279 419 321">
    <p class='ocr_par' dir='ltr' id='par_1_1' title="bbox 308 279 419 321">
     <span class='ocr_line' id='line_1_1' title="bbox 308 279 419 321; baseline -0.009 0"><span class='ocrx_word' id='word_1_1' title='bbox 308 279 419 321; x_wconf 79' lang='lat'>1240</span> 
     </span>
    </p>
   </div>
   <div class='ocr_carea' id='block_1_2' title="bbox 248 476 2252 1083">
    <p class='ocr_par' dir='ltr' id='par_1_2' title="bbox 248 476 2200 813">
     <span class='ocr_line' id='line_1_2' title="bbox 248 476 2196 537; baseline -0.006 -9"><span class='ocrx_word' id='word_1_2' title='bbox 248 486 359 527; x_wconf 85' lang='lat' dir='ltr'>terre</span> <span class='ocrx_word' id='word_1_3' title='bbox 399 483 592 527; x_wconf 87' lang='lat' dir='ltr'>arrabilis</span> <span class='ocrx_word' id='word_1_4' title='bbox 632 499 729 526; x_wconf 89' lang='lat' dir='ltr'>cum</span> <span class='ocrx_word' id='word_1_5' title='bbox 770 482 966 526; x_wconf 84' lang='lat' dir='ltr'>omnibus</span> <span class='ocrx_word' id='word_1_6' title='bbox 1006 482 1093 525; x_wconf 86' lang='lat' dir='ltr'>suis</span> <span class='ocrx_word' id='word_1_7' title='bbox 1131 479 1403 537; x_wconf 67' lang='lat' dir='ltr'>pertinenciis</span> <span class='ocrx_word' id='word_1_8' title='bbox 1442 478 1630 535; x_wconf 85' lang='lat' dir='ltr'>predicto</span> <span class='ocrx_word' id='word_1_9' title='bbox 1670 477 1843 520; x_wconf 88' lang='lat' dir='ltr'>domino</span> <span class='ocrx_word' id='word_1_10' title='bbox 1891 476 2102 518; x_wconf 79' lang='lat' dir='ltr'>ROBERTO</span> <span class='ocrx_word' id='word_1_11' title='bbox 2142 476 2196 518; x_wconf 87' lang='lat' dir='ltr'>de</span> 
     </span>
     <span class='ocr_line' id='line_1_3' title="bbox 253 567 2199 630; baseline -0.005 -12"><span class='ocrx_word' id='word_1_12' title='bbox 253 575 436 618; x_wconf 80' lang='lat' dir='ltr'><strong>PENRES</strong></span> <span class='ocrx_word' id='word_1_13' title='bbox 456 575 586 618; x_wconf 87' lang='lat' dir='ltr'>militi</span> <span class='ocrx_word' id='word_1_14' title='bbox 605 575 830 617; x_wconf 80' lang='lat' dir='ltr'>heredibus</span> <span class='ocrx_word' id='word_1_15' title='bbox 845 574 914 617; x_wconf 88' lang='lat' dir='ltr'>vel</span> <span class='ocrx_word' id='word_1_16' title='bbox 935 573 1161 630; x_wconf 84' lang='lat' dir='ltr'>assignatis</span> <span class='ocrx_word' id='word_1_17' title='bbox 1181 572 1267 614; x_wconf 88' lang='lat' dir='ltr'>suis</span> <span class='ocrx_word' id='word_1_18' title='bbox 1288 574 1435 613; x_wconf 88' lang='lat' dir='ltr'>contra</span> <span class='ocrx_word' id='word_1_19' title='bbox 1455 584 1600 612; x_wconf 87' lang='lat' dir='ltr'>omnes</span> <span class='ocrx_word' id='word_1_20' title='bbox 1615 569 1813 612; x_wconf 81' lang='lat' dir='ltr'>mortales</span> <span class='ocrx_word' id='word_1_21' title='bbox 1829 567 2199 610; x_wconf 75' lang='lat' dir='ltr'>warantizabimus</span> 
     </span>
     <span class='ocr_line' id='line_1_4' title="bbox 251 657 2200 722; baseline -0.005 -13"><span class='ocrx_word' id='word_1_22' title='bbox 251 666 586 722; x_wconf 75' lang='lat' dir='ltr'>acquietabimus</span> <span class='ocrx_word' id='word_1_23' title='bbox 625 670 668 709; x_wconf 89' lang='lat' dir='ltr'>et</span> <span class='ocrx_word' id='word_1_24' title='bbox 707 666 986 708; x_wconf 78' lang='lat' dir='ltr'>defendemus</span> <span class='ocrx_word' id='word_1_25' title='bbox 1025 665 1354 720; x_wconf 77' lang='lat' dir='ltr'>imperpetuum.</span> <span class='ocrx_word' id='word_1_26' title='bbox 1416 661 1473 703; x_wconf 92' lang='lat' dir='ltr'>In</span> <span class='ocrx_word' id='word_1_27' title='bbox 1514 660 1636 717; x_wconf 87' lang='lat' dir='ltr'>cujus</span> <span class='ocrx_word' id='word_1_28' title='bbox 1670 660 1732 702; x_wconf 90' lang='lat' dir='ltr'>rei</span> <span class='ocrx_word' id='word_1_29' title='bbox 1772 658 2065 702; x_wconf 87' lang='lat' dir='ltr'>testimonium</span> <span class='ocrx_word' id='word_1_30' title='bbox 2099 657 2200 700; x_wconf 90' lang='lat' dir='ltr'>huic</span> 
     </span>
     <span class='ocr_line' id='line_1_5' title="bbox 254 753 1371 813; baseline -0.005 -13"><span class='ocrx_word' id='word_1_31' title='bbox 254 758 441 813; x_wconf 87' lang='lat' dir='ltr'>presenti</span> <span class='ocrx_word' id='word_1_32' title='bbox 462 760 574 800; x_wconf 88' lang='lat' dir='ltr'>carte</span> <span class='ocrx_word' id='word_1_33' title='bbox 594 759 736 799; x_wconf 89' lang='lat' dir='ltr'>nostre</span> <span class='ocrx_word' id='word_1_34' title='bbox 757 755 900 812; x_wconf 87' lang='lat' dir='ltr'>sigilla</span> <span class='ocrx_word' id='word_1_35' title='bbox 919 757 1064 797; x_wconf 87' lang='lat' dir='ltr'>nostra</span> <span class='ocrx_word' id='word_1_36' title='bbox 1084 753 1371 810; x_wconf 84' lang='lat' dir='ltr'>apposuimus.</span> 
     </span>
    </p>

    <p class='ocr_par' dir='ltr' id='par_1_3' title="bbox 253 839 2252 1083">
     <span class='ocr_line' id='line_1_6' title="bbox 313 839 2252 904; baseline -0.005 -13"><span class='ocrx_word' id='word_1_37' title='bbox 313 847 479 890; x_wconf 89' lang='lat' dir='ltr'>Datum</span> <span class='ocrx_word' id='word_1_38' title='bbox 513 849 628 904; x_wconf 86' lang='lat' dir='ltr'>apud</span> <span class='ocrx_word' id='word_1_39' title='bbox 648 847 854 903; x_wconf 89' lang='lat' dir='ltr'>capellam</span> <span class='ocrx_word' id='word_1_40' title='bbox 873 846 989 889; x_wconf 87' lang='lat' dir='ltr'>beati</span> <span class='ocrx_word' id='word_1_41' title='bbox 1009 845 1176 887; x_wconf 82' lang='grc' dir='ltr'><strong>ΤΗΟΜΕ</strong></span> <span class='ocrx_word' id='word_1_42' title='bbox 1203 843 1433 885; x_wconf 81' lang='lat' dir='ltr'>MARTIRIS</span> <span class='ocrx_word' id='word_1_43' title='bbox 1454 842 1500 884; x_wconf 90' lang='lat' dir='ltr'>in</span> <span class='ocrx_word' id='word_1_44' title='bbox 1521 841 1695 884; x_wconf 80' lang='lat' dir='ltr'>KILvE1</span> <span class='ocrx_word' id='word_1_45' title='bbox 1716 841 1868 884; x_wconf 90' lang='lat' dir='ltr'>ultimo</span> <span class='ocrx_word' id='word_1_46' title='bbox 1890 841 1958 882; x_wconf 89' lang='lat' dir='ltr'>die</span> <span class='ocrx_word' id='word_1_47' title='bbox 1978 839 2205 882; x_wconf 83' lang='lat' dir='ltr'>Februarii</span> <span class='ocrx_word' id='word_1_48' title='bbox 2235 847 2252 873; x_wconf 53' lang='lat' dir='ltr'>N</span> 
     </span>
     <span class='ocr_line' id='line_1_7' title="bbox 253 931 2200 993; baseline -0.004 -12"><span class='ocrx_word' id='word_1_49' title='bbox 253 954 367 982; x_wconf 86' lang='lat' dir='ltr'>anno</span> <span class='ocrx_word' id='word_1_50' title='bbox 401 955 434 982; x_wconf 90' lang='lat' dir='ltr'>r.</span> <span class='ocrx_word' id='word_1_51' title='bbox 473 939 528 982; x_wconf 81' lang='lat' dir='ltr'>R.</span> <span class='ocrx_word' id='word_1_52' title='bbox 566 938 788 981; x_wconf 68' lang='lat' dir='ltr'>EnwARm</span> <span class='ocrx_word' id='word_1_53' title='bbox 824 937 943 980; x_wconf 88' lang='lat' dir='ltr'>tercii</span> <span class='ocrx_word' id='word_1_54' title='bbox 978 939 1073 993; x_wconf 90' lang='lat' dir='ltr'>post</span> <span class='ocrx_word' id='word_1_55' title='bbox 1108 936 1387 990; x_wconf 89' lang='lat' dir='ltr'>conquestum</span> <span class='ocrx_word' id='word_1_56' title='bbox 1422 935 1574 988; x_wconf 87' lang='lat' dir='ltr'>quarto</span> <span class='ocrx_word' id='word_1_57' title='bbox 1614 932 1789 974; x_wconf 88' lang='lat' dir='ltr'>decimo.</span> <span class='ocrx_word' id='word_1_58' title='bbox 1852 931 1955 974; x_wconf 87' lang='lat' dir='ltr'>Hiis</span> <span class='ocrx_word' id='word_1_59' title='bbox 1990 931 2169 974; x_wconf 87' lang='lat' dir='ltr'>testibus</span> <span class='ocrx_word' id='word_1_60' title='bbox 2191 965 2200 974; x_wconf 93' lang='lat'><strong>.</strong></span> 
     </span>
     <span class='ocr_line' id='line_1_8' title="bbox 254 1022 2203 1083; baseline -0.004 -11"><span class='ocrx_word' id='word_1_61' title='bbox 254 1029 457 1072; x_wconf 78' lang='lat' dir='ltr'><strong>MORGAN</strong></span> <span class='ocrx_word' id='word_1_62' title='bbox 493 1029 624 1072; x_wconf 77' lang='lat' dir='ltr'>Lom’</span> <span class='ocrx_word' id='word_1_63' title='bbox 659 1063 666 1072; x_wconf 93' lang='lat'><strong>.</strong></span> <span class='ocrx_word' id='word_1_64' title='bbox 701 1029 853 1072; x_wconf 71' lang='lat' dir='ltr'>REESE</span> <span class='ocrx_word' id='word_1_65' title='bbox 884 1043 938 1083; x_wconf 90' lang='lat' dir='ltr'>ap</span> <span class='ocrx_word' id='word_1_66' title='bbox 970 1024 1192 1069; x_wconf 80' lang='lat' dir='ltr'>HoWELL&#39;</span> <span class='ocrx_word' id='word_1_67' title='bbox 1227 1058 1235 1067; x_wconf 89' lang='lat'><strong>.</strong></span> <span class='ocrx_word' id='word_1_68' title='bbox 1270 1024 1498 1067; x_wconf 79' lang='lat' dir='ltr'><strong>GRIFFINO</strong></span> <span class='ocrx_word' id='word_1_69' title='bbox 1528 1022 1778 1067; x_wconf 84' lang='lat' dir='ltr'>KETHYN&#39;.</span> <span class='ocrx_word' id='word_1_70' title='bbox 1811 1022 1988 1064; x_wconf 84' lang='lat' dir='ltr'>MADoc&#39;</span> <span class='ocrx_word' id='word_1_71' title='bbox 2020 1022 2169 1066; x_wconf 63' lang='lat' dir='ltr'>Vonffl</span> <span class='ocrx_word' id='word_1_72' title='bbox 2193 1055 2203 1065; x_wconf 90' lang='lat'><strong><em>.</em></strong></span> 
     </span>
    </p>
   </div>
   <div class='ocr_carea' id='block_1_3' title="bbox 257 1118 1007 1165">
    <p class='ocr_par' dir='ltr' id='par_1_4' title="bbox 257 1118 1007 1165">
     <span class='ocr_line' id='line_1_9' title="bbox 257 1118 1007 1165; baseline -0.007 -1"><span class='ocrx_word' id='word_1_73' title='bbox 257 1120 517 1165; x_wconf 75' lang='lat' dir='ltr'>WILLELMo</span> <span class='ocrx_word' id='word_1_74' title='bbox 537 1121 644 1163; x_wconf 65' lang='lat' dir='ltr'>Dm(</span> <span class='ocrx_word' id='word_1_75' title='bbox 666 1122 708 1162; x_wconf 88' lang='lat' dir='ltr'>et</span> <span class='ocrx_word' id='word_1_76' title='bbox 729 1119 878 1162; x_wconf 90' lang='lat' dir='ltr'>multis</span> <span class='ocrx_word' id='word_1_77' title='bbox 901 1118 1007 1160; x_wconf 87' lang='lat' dir='ltr'>aliis.</span> 
     </span>
    </p>
   </div>
   <div class='ocr_carea' id='block_1_4' title="bbox 882 1205 1578 1244">
    <p class='ocr_par' dir='ltr' id='par_1_5' title="bbox 882 1205 1578 1244">
     <span class='ocr_line' id='line_1_10' title="bbox 882 1205 1578 1244; baseline -0.006 -6"><span class='ocrx_word' id='word_1_78' title='bbox 882 1209 977 1238; x_wconf 84' lang='lat' dir='ltr'>From</span> <span class='ocrx_word' id='word_1_79' title='bbox 993 1218 1011 1237; x_wconf 79' lang='lat' dir='ltr'>a</span> <span class='ocrx_word' id='word_1_80' title='bbox 1028 1207 1163 1237; x_wconf 82' lang='lat' dir='ltr'>Charter</span> <span class='ocrx_word' id='word_1_81' title='bbox 1178 1206 1238 1236; x_wconf 88' lang='lat' dir='ltr'>roll</span> <span class='ocrx_word' id='word_1_82' title='bbox 1253 1206 1393 1236; x_wconf 76' lang='lat' dir='ltr'>entitled</span> <span class='ocrx_word' id='word_1_83' title='bbox 1409 1205 1578 1244; x_wconf 78' lang='lat' dir='ltr'>‘Kylvey.’</span> 
     </span>
    </p>
   </div>
   <div class='ocr_carea' id='block_1_5' title="bbox 1010 1521 1456 1565">
    <p class='ocr_par' dir='ltr' id='par_1_6' title="bbox 1010 1521 1456 1565">
     <span class='ocr_line' id='line_1_11' title="bbox 1010 1521 1456 1565; baseline 0 -1"><span class='ocrx_word' id='word_1_84' title='bbox 1010 1521 1456 1565; x_wconf 79' lang='lat' dir='ltr'>DOOOGLXXXH.</span> 
     </span>
    </p>
   </div>
   <div class='ocr_carea' id='block_1_6' title="bbox 257 1627 2209 1764">
    <p class='ocr_par' dir='ltr' id='par_1_7' title="bbox 257 1627 2209 1764">
     <span class='ocr_line' id='line_1_12' title="bbox 257 1627 2209 1680; baseline -0.003 -4"><span class='ocrx_word' id='word_1_85' title='bbox 257 1632 559 1676; x_wconf 76' lang='lat' dir='ltr'><strong>OHARTER</strong></span> <span class='ocrx_word' id='word_1_86' title='bbox 601 1631 679 1674; x_wconf 78' lang='lat' dir='ltr'>OF</span> <span class='ocrx_word' id='word_1_87' title='bbox 731 1628 1113 1673; x_wconf 73' lang='lat' dir='ltr'>PRIVILEGES</span> <span class='ocrx_word' id='word_1_88' title='bbox 1169 1629 1257 1672; x_wconf 86' lang='lat' dir='ltr'>BY</span> <span class='ocrx_word' id='word_1_89' title='bbox 1311 1628 1505 1671; x_wconf 73' lang='lat' dir='ltr'>HUGH</span> <span class='ocrx_word' id='word_1_90' title='bbox 1556 1628 1638 1670; x_wconf 82' lang='lat' dir='ltr'>LE</span> <span class='ocrx_word' id='word_1_91' title='bbox 1693 1627 2073 1680; x_wconf 75' lang='lat' dir='ltr'>DESPENSER,</span> <span class='ocrx_word' id='word_1_92' title='bbox 2132 1627 2209 1671; x_wconf 80' lang='lat' dir='ltr'>TO</span> 
     </span>
     <span class='ocr_line' id='line_1_13' title="bbox 748 1719 1728 1764; baseline -0.003 0"><span class='ocrx_word' id='word_1_93' title='bbox 748 1721 879 1764; x_wconf 80' lang='lat' dir='ltr'>THE</span> <span class='ocrx_word' id='word_1_94' title='bbox 919 1720 1277 1764; x_wconf 72' lang='lat' dir='ltr'>BURGESSES</span> <span class='ocrx_word' id='word_1_95' title='bbox 1320 1720 1398 1763; x_wconf 81' lang='lat' dir='ltr'>OF</span> <span class='ocrx_word' id='word_1_96' title='bbox 1439 1719 1728 1762; x_wconf 77' lang='lat' dir='ltr'><strong>GARDIFF.</strong></span> 
     </span>
    </p>
   </div>
   <div class='ocr_carea' id='block_1_7' title="bbox 805 1828 2158 1962">
    <p class='ocr_par' dir='ltr' id='par_1_8' title="bbox 805 1828 2158 1962">
     <span class='ocr_line' id='line_1_14' title="bbox 805 1828 1682 1887; baseline -0.002 -15"><span class='ocrx_word' id='word_1_97' title='bbox 805 1830 968 1887; x_wconf 83' lang='lat' dir='ltr'>[TOWN</span> <span class='ocrx_word' id='word_1_98' title='bbox 1001 1828 1195 1872; x_wconf 76' lang='lat' dir='ltr'>OLERK’S</span> <span class='ocrx_word' id='word_1_99' title='bbox 1226 1829 1408 1882; x_wconf 76' lang='lat' dir='ltr'><strong>OFFICE,</strong></span> <span class='ocrx_word' id='word_1_100' title='bbox 1443 1828 1682 1885; x_wconf 81' lang='lat' dir='ltr'>CARDIFF.]</span> 
     </span>
     <span class='ocr_line' id='line_1_15' title="bbox 1348 1919 2158 1962; baseline 0 -1"><span class='ocrx_word' id='word_1_101' title='bbox 1348 1921 1400 1962; x_wconf 89' lang='grc'>19</span> <span class='ocrx_word' id='word_1_102' title='bbox 1423 1920 1586 1962; x_wconf 71' lang='lat' dir='ltr'>APRIL.</span> <span class='ocrx_word' id='word_1_103' title='bbox 1651 1921 1705 1962; x_wconf 82' lang='lat'>14</span> <span class='ocrx_word' id='word_1_104' title='bbox 1726 1920 1854 1962; x_wconf 76' lang='lat' dir='ltr'>Enw.</span> <span class='ocrx_word' id='word_1_105' title='bbox 1877 1919 1969 1962; x_wconf 83' lang='lat' dir='ltr'><strong>III.</strong></span> <span class='ocrx_word' id='word_1_106' title='bbox 2034 1920 2158 1962; x_wconf 81' lang='lat'>1340.</span> 
     </span>
    </p>
   </div>
   <div class='ocr_carea' id='block_1_8' title="bbox 269 2027 2238 2999">
    <p class='ocr_par' dir='ltr' id='par_1_9' title="bbox 269 2027 2224 2257">
     <span class='ocr_line' id='line_1_16' title="bbox 323 2027 2221 2075; baseline -0.003 0"><span class='ocrx_word' id='word_1_107' title='bbox 323 2032 464 2075; x_wconf 82' lang='lat' dir='ltr'>HUGo</span> <span class='ocrx_word' id='word_1_108' title='bbox 483 2031 523 2074; x_wconf 90' lang='lat' dir='ltr'>le</span> <span class='ocrx_word' id='word_1_109' title='bbox 554 2030 824 2074; x_wconf 81' lang='lat' dir='ltr'>DEsPENSER</span> <span class='ocrx_word' id='word_1_110' title='bbox 855 2030 1053 2073; x_wconf 86' lang='lat' dir='ltr'>dominus</span> <span class='ocrx_word' id='word_1_111' title='bbox 1086 2028 1375 2072; x_wconf 75' lang='lat' dir='ltr'><strong>GLAMORGAN</strong></span> <span class='ocrx_word' id='word_1_112' title='bbox 1404 2031 1446 2070; x_wconf 87' lang='lat' dir='ltr'>et</span> <span class='ocrx_word' id='word_1_113' title='bbox 1473 2028 1796 2070; x_wconf 81' lang='lat' dir='ltr'>MORGANNOCK</span> <span class='ocrx_word' id='word_1_114' title='bbox 1825 2027 2022 2069; x_wconf 88' lang='lat' dir='ltr'>omnibus</span> <span class='ocrx_word' id='word_1_115' title='bbox 2051 2027 2221 2070; x_wconf 87' lang='lat' dir='ltr'>ballivis</span> 
     </span>
     <span class='ocr_line' id='line_1_17' title="bbox 269 2118 2224 2176; baseline -0.003 -10"><span class='ocrx_word' id='word_1_116' title='bbox 269 2126 313 2166; x_wconf 91' lang='lat' dir='ltr'>et</span> <span class='ocrx_word' id='word_1_117' title='bbox 361 2123 567 2165; x_wconf 85' lang='lat' dir='ltr'>ministris</span> <span class='ocrx_word' id='word_1_118' title='bbox 605 2122 760 2165; x_wconf 87' lang='lat' dir='ltr'>nostris</span> <span class='ocrx_word' id='word_1_119' title='bbox 810 2137 857 2163; x_wconf 88' lang='lat' dir='ltr'>ac</span> <span class='ocrx_word' id='word_1_120' title='bbox 897 2122 992 2164; x_wconf 89' lang='lat' dir='ltr'>aliis</span> <span class='ocrx_word' id='word_1_121' title='bbox 1031 2120 1228 2163; x_wconf 86' lang='lat' dir='ltr'>fidelibus</span> <span class='ocrx_word' id='word_1_122' title='bbox 1267 2122 1506 2176; x_wconf 84' lang='lat' dir='ltr'>presentem</span> <span class='ocrx_word' id='word_1_123' title='bbox 1549 2122 1709 2161; x_wconf 86' lang='lat' dir='ltr'>cartam</span> <span class='ocrx_word' id='word_1_124' title='bbox 1749 2118 2000 2175; x_wconf 87' lang='lat' dir='ltr'>inspecturis</span> <span class='ocrx_word' id='word_1_125' title='bbox 2041 2119 2224 2161; x_wconf 81' lang='lat' dir='ltr'>salutem</span> 
     </span>
     <span class='ocr_line' id='line_1_18' title="bbox 269 2214 554 2257; baseline -0.007 0"><span class='ocrx_word' id='word_1_126' title='bbox 269 2215 318 2257; x_wconf 85' lang='lat' dir='ltr'>in</span> <span class='ocrx_word' id='word_1_127' title='bbox 353 2214 554 2257; x_wconf 91' lang='lat' dir='ltr'>Domino.</span> 
     </span>
    </p>

    <p class='ocr_par' dir='ltr' id='par_1_10' title="bbox 274 2301 2238 2999">
     <span class='ocr_line' id='line_1_19' title="bbox 332 2301 2228 2361; baseline -0.003 -13"><span class='ocrx_word' id='word_1_128' title='bbox 332 2305 484 2348; x_wconf 83' lang='lat' dir='ltr'>Sciatis</span> <span class='ocrx_word' id='word_1_129' title='bbox 533 2305 647 2361; x_wconf 86' lang='lat' dir='ltr'>quod</span> <span class='ocrx_word' id='word_1_130' title='bbox 697 2305 750 2347; x_wconf 89' lang='lat' dir='ltr'>de</span> <span class='ocrx_word' id='word_1_131' title='bbox 800 2304 940 2360; x_wconf 80' lang='lat' dir='ltr'>gratia</span> <span class='ocrx_word' id='word_1_132' title='bbox 989 2306 1134 2346; x_wconf 89' lang='lat' dir='ltr'>nostra</span> <span class='ocrx_word' id='word_1_133' title='bbox 1184 2303 1354 2359; x_wconf 87' lang='lat' dir='ltr'>speciali</span> <span class='ocrx_word' id='word_1_134' title='bbox 1404 2302 1600 2345; x_wconf 86' lang='lat' dir='ltr'>dedimus</span> <span class='ocrx_word' id='word_1_135' title='bbox 1650 2304 1693 2344; x_wconf 86' lang='lat' dir='ltr'>et</span> <span class='ocrx_word' id='word_1_136' title='bbox 1733 2301 2011 2343; x_wconf 77' lang='lat' dir='ltr'>concessimus</span> <span class='ocrx_word' id='word_1_137' title='bbox 2061 2301 2228 2343; x_wconf 87' lang='lat' dir='ltr'>dilectis</span> 
     </span>
     <span class='ocr_line' id='line_1_20' title="bbox 274 2391 2228 2453; baseline -0.003 -14"><span class='ocrx_word' id='word_1_138' title='bbox 274 2395 559 2453; x_wconf 80' lang='lat' dir='ltr'>burgensibus</span> <span class='ocrx_word' id='word_1_139' title='bbox 579 2396 734 2438; x_wconf 87' lang='lat' dir='ltr'>nostris</span> <span class='ocrx_word' id='word_1_140' title='bbox 754 2396 854 2438; x_wconf 89' lang='lat' dir='ltr'>ville</span> <span class='ocrx_word' id='word_1_141' title='bbox 875 2397 1016 2438; x_wconf 86' lang='lat' dir='ltr'>nostre</span> <span class='ocrx_word' id='word_1_142' title='bbox 1042 2395 1094 2437; x_wconf 87' lang='lat' dir='ltr'>de</span> <span class='ocrx_word' id='word_1_143' title='bbox 1120 2394 1336 2436; x_wconf 82' lang='lat' dir='ltr'><strong>KAERDIF</strong></span> <span class='ocrx_word' id='word_1_144' title='bbox 1368 2409 1513 2436; x_wconf 88' lang='lat' dir='ltr'>omncs</span> <span class='ocrx_word' id='word_1_145' title='bbox 1542 2392 1760 2435; x_wconf 83' lang='lat' dir='ltr'>libertates</span> <span class='ocrx_word' id='word_1_146' title='bbox 1789 2391 2043 2447; x_wconf 85' lang='lat' dir='ltr'>subscriptas</span> <span class='ocrx_word' id='word_1_147' title='bbox 2073 2392 2228 2448; x_wconf 87' lang='lat' dir='ltr'>imper-</span> 
     </span>
     <span class='ocr_line' id='line_1_21' title="bbox 277 2483 2231 2545; baseline -0.003 -15"><span class='ocrx_word' id='word_1_148' title='bbox 277 2491 469 2545; x_wconf 89' lang='lat' dir='ltr'>petuum.</span> <span class='ocrx_word' id='word_1_149' title='bbox 529 2487 742 2530; x_wconf 87' lang='lat' dir='ltr'>Videlicet</span> <span class='ocrx_word' id='word_1_150' title='bbox 777 2487 891 2542; x_wconf 85' lang='lat' dir='ltr'>quod</span> <span class='ocrx_word' id='word_1_151' title='bbox 917 2486 1000 2542; x_wconf 89' lang='lat' dir='ltr'>ipsi</span> <span class='ocrx_word' id='word_1_152' title='bbox 1033 2489 1076 2528; x_wconf 92' lang='lat' dir='ltr'>et</span> <span class='ocrx_word' id='word_1_153' title='bbox 1104 2486 1280 2528; x_wconf 85' lang='lat' dir='ltr'>heredes</span> <span class='ocrx_word' id='word_1_154' title='bbox 1313 2485 1378 2527; x_wconf 87' lang='lat' dir='ltr'>sui</span> <span class='ocrx_word' id='word_1_155' title='bbox 1406 2484 1540 2540; x_wconf 86' lang='lat' dir='ltr'>quieti</span> <span class='ocrx_word' id='word_1_156' title='bbox 1572 2486 1615 2526; x_wconf 90' lang='lat' dir='ltr'>et</span> <span class='ocrx_word' id='word_1_157' title='bbox 1647 2483 1769 2526; x_wconf 90' lang='lat' dir='ltr'>liberi</span> <span class='ocrx_word' id='word_1_158' title='bbox 1803 2483 1889 2525; x_wconf 91' lang='lat' dir='ltr'>sint</span> <span class='ocrx_word' id='word_1_159' title='bbox 1924 2483 1976 2524; x_wconf 88' lang='lat' dir='ltr'>de</span> <span class='ocrx_word' id='word_1_160' title='bbox 2007 2483 2231 2525; x_wconf 89' lang='lat' dir='ltr'>theoloneo</span> 
     </span>
     <span class='ocr_line' id='line_1_22' title="bbox 278 2574 2234 2636; baseline -0.004 -15"><span class='ocrx_word' id='word_1_161' title='bbox 278 2579 475 2636; x_wconf 84' lang='lat' dir='ltr'>muragio</span> <span class='ocrx_word' id='word_1_162' title='bbox 495 2579 700 2635; x_wconf 85' lang='lat' dir='ltr'>pontagio</span> <span class='ocrx_word' id='word_1_163' title='bbox 720 2578 905 2634; x_wconf 82' lang='lat' dir='ltr'>pauagio</span> <span class='ocrx_word' id='word_1_164' title='bbox 926 2578 1111 2633; x_wconf 84' lang='lat' dir='ltr'>terragio</span> <span class='ocrx_word' id='word_1_165' title='bbox 1131 2577 1318 2633; x_wconf 81' lang='lat' dir='ltr'>kayagio</span> <span class='ocrx_word' id='word_1_166' title='bbox 1340 2579 1382 2619; x_wconf 88' lang='lat' dir='ltr'>et</span> <span class='ocrx_word' id='word_1_167' title='bbox 1402 2576 1569 2632; x_wconf 83' lang='lat' dir='ltr'>picagio</span> <span class='ocrx_word' id='word_1_168' title='bbox 1591 2578 1633 2617; x_wconf 84' lang='lat' dir='ltr'>et</span> <span class='ocrx_word' id='word_1_169' title='bbox 1654 2574 1749 2616; x_wconf 84' lang='lat' dir='ltr'>aliis</span> <span class='ocrx_word' id='word_1_170' title='bbox 1769 2574 1944 2616; x_wconf 87' lang='lat' dir='ltr'>diversis</span> <span class='ocrx_word' id='word_1_171' title='bbox 1966 2574 2170 2616; x_wconf 88' lang='lat' dir='ltr'>custumis</span> <span class='ocrx_word' id='word_1_172' title='bbox 2191 2576 2234 2616; x_wconf 89' lang='lat' dir='ltr'>et</span> 
     </span>
     <span class='ocr_line' id='line_1_23' title="bbox 281 2664 2232 2725; baseline -0.003 -12"><span class='ocrx_word' id='word_1_173' title='bbox 281 2670 657 2714; x_wconf 87' lang='lat' dir='ltr'>consuetudinibus</span> <span class='ocrx_word' id='word_1_174' title='bbox 677 2685 752 2725; x_wconf 89' lang='lat' dir='ltr'>per</span> <span class='ocrx_word' id='word_1_175' title='bbox 771 2672 911 2712; x_wconf 90' lang='lat' dir='ltr'>totum</span> <span class='ocrx_word' id='word_1_176' title='bbox 932 2669 1170 2712; x_wconf 87' lang='lat' dir='ltr'>dominium</span> <span class='ocrx_word' id='word_1_177' title='bbox 1191 2671 1385 2711; x_wconf 90' lang='lat' dir='ltr'>nostrum</span> <span class='ocrx_word' id='word_1_178' title='bbox 1406 2670 1496 2709; x_wconf 90' lang='lat' dir='ltr'>tam</span> <span class='ocrx_word' id='word_1_179' title='bbox 1516 2667 1562 2709; x_wconf 89' lang='lat' dir='ltr'>in</span> <span class='ocrx_word' id='word_1_180' title='bbox 1584 2666 1768 2708; x_wconf 78' lang='lat' dir='ltr'><strong>ANGLIA</strong></span> <span class='ocrx_word' id='word_1_181' title='bbox 1790 2680 1917 2720; x_wconf 86' lang='lat' dir='ltr'>quam</span> <span class='ocrx_word' id='word_1_182' title='bbox 1943 2665 1990 2706; x_wconf 87' lang='lat' dir='ltr'>in</span> <span class='ocrx_word' id='word_1_183' title='bbox 2021 2664 2232 2708; x_wconf 76' lang='lat' dir='ltr'><strong>WALLIA.</strong></span> 
     </span>
     <span class='ocr_line' id='line_1_24' title="bbox 282 2755 2236 2818; baseline -0.003 -14"><span class='ocrx_word' id='word_1_184' title='bbox 282 2762 344 2804; x_wconf 88' lang='lat' dir='ltr'>Et</span> <span class='ocrx_word' id='word_1_185' title='bbox 364 2763 478 2818; x_wconf 84' lang='lat' dir='ltr'>quod</span> <span class='ocrx_word' id='word_1_186' title='bbox 498 2761 579 2817; x_wconf 90' lang='lat' dir='ltr'>ipsi</span> <span class='ocrx_word' id='word_1_187' title='bbox 610 2761 765 2817; x_wconf 84' lang='lat' dir='ltr'>eligere</span> <span class='ocrx_word' id='word_1_188' title='bbox 795 2760 979 2803; x_wconf 88' lang='lat' dir='ltr'>debeant</span> <span class='ocrx_word' id='word_1_189' title='bbox 1010 2760 1235 2803; x_wconf 84' lang='lat' dir='ltr'>annuatim</span> <span class='ocrx_word' id='word_1_190' title='bbox 1265 2759 1446 2802; x_wconf 86' lang='lat' dir='ltr'>ballivos</span> <span class='ocrx_word' id='word_1_191' title='bbox 1480 2760 1646 2800; x_wconf 86' lang='lat' dir='ltr'>nostros</span> <span class='ocrx_word' id='word_1_192' title='bbox 1678 2757 1731 2798; x_wconf 85' lang='lat' dir='ltr'>de</span> <span class='ocrx_word' id='word_1_193' title='bbox 1763 2755 2047 2812; x_wconf 84' lang='lat' dir='ltr'>burgensibus</span> <span class='ocrx_word' id='word_1_194' title='bbox 2081 2755 2236 2798; x_wconf 85' lang='lat' dir='ltr'>nostris</span> 
     </span>
     <span class='ocr_line' id='line_1_25' title="bbox 282 2846 2237 2910; baseline -0.003 -15"><span class='ocrx_word' id='word_1_195' title='bbox 282 2853 476 2910; x_wconf 84' lang='lat' dir='ltr'>ejusdem</span> <span class='ocrx_word' id='word_1_196' title='bbox 499 2853 596 2895; x_wconf 87' lang='lat' dir='ltr'>ville</span> <span class='ocrx_word' id='word_1_197' title='bbox 616 2852 814 2894; x_wconf 87' lang='lat' dir='ltr'>videlicet</span> <span class='ocrx_word' id='word_1_198' title='bbox 835 2858 1017 2907; x_wconf 85' lang='lat' dir='ltr'>quatuor</span> <span class='ocrx_word' id='word_1_199' title='bbox 1037 2852 1274 2907; x_wconf 80' lang='lat' dir='ltr'>prepositos</span> <span class='ocrx_word' id='word_1_200' title='bbox 1309 2851 1362 2892; x_wconf 87' lang='lat' dir='ltr'>de</span> <span class='ocrx_word' id='word_1_201' title='bbox 1398 2849 1552 2905; x_wconf 90' lang='lat' dir='ltr'>quibus</span> <span class='ocrx_word' id='word_1_202' title='bbox 1583 2847 1920 2890; x_wconf 82' lang='lat' dir='ltr'>constabularius</span> <span class='ocrx_word' id='word_1_203' title='bbox 1950 2846 2075 2888; x_wconf 82' lang='lat' dir='ltr'>castri</span> <span class='ocrx_word' id='word_1_204' title='bbox 2102 2846 2237 2889; x_wconf 88' lang='lat' dir='ltr'>nostri</span> 
     </span>
     <span class='ocr_line' id='line_1_26' title="bbox 284 2938 2238 2999; baseline -0.003 -13"><span class='ocrx_word' id='word_1_205' title='bbox 284 2946 336 2986; x_wconf 90' lang='lat' dir='ltr'>de</span> <span class='ocrx_word' id='word_1_206' title='bbox 358 2943 574 2986; x_wconf 79' lang='lat' dir='ltr'><strong>KAERDIF</strong></span> <span class='ocrx_word' id='word_1_207' title='bbox 596 2944 701 2986; x_wconf 86' lang='lat' dir='ltr'>duos</span> <span class='ocrx_word' id='word_1_208' title='bbox 720 2943 893 2999; x_wconf 88' lang='lat' dir='ltr'>recipiet</span> <span class='ocrx_word' id='word_1_209' title='bbox 914 2944 969 2985; x_wconf 82' lang='lat' dir='ltr'>ad</span> <span class='ocrx_word' id='word_1_210' title='bbox 990 2943 1256 2985; x_wconf 90' lang='lat' dir='ltr'>voluntatem</span> <span class='ocrx_word' id='word_1_211' title='bbox 1277 2956 1398 2984; x_wconf 87' lang='lat' dir='ltr'>suam</span> <span class='ocrx_word' id='word_1_212' title='bbox 1418 2955 1555 2982; x_wconf 89' lang='lat' dir='ltr'>unum</span> <span class='ocrx_word' id='word_1_213' title='bbox 1574 2938 1783 2981; x_wconf 89' lang='lat' dir='ltr'>ballivum</span> <span class='ocrx_word' id='word_1_214' title='bbox 1811 2940 1852 2980; x_wconf 90' lang='lat' dir='ltr'>et</span> <span class='ocrx_word' id='word_1_215' title='bbox 1884 2938 1989 2980; x_wconf 89' lang='lat' dir='ltr'>duos</span> <span class='ocrx_word' id='word_1_216' title='bbox 2013 2940 2238 2980; x_wconf 75' lang='lat' dir='ltr'>tastatores</span> 
     </span>
    </p>
   </div>
   <div class='ocr_carea' id='block_1_9' title="bbox 283 3027 2244 3091">
    <p class='ocr_par' dir='ltr' id='par_1_11' title="bbox 283 3027 2244 3091">
     <span class='ocr_line' id='line_1_27' title="bbox 283 3027 2244 3091; baseline -0.004 -14"><span class='ocrx_word' id='word_1_217' title='bbox 283 3035 460 3078; x_wconf 87' lang='lat' dir='ltr'>cervisie</span> <span class='ocrx_word' id='word_1_218' title='bbox 491 3034 725 3090; x_wconf 78' lang='lat' dir='ltr'>quidebent</span> <span class='ocrx_word' id='word_1_219' title='bbox 762 3034 893 3091; x_wconf 87' lang='lat' dir='ltr'>recipi</span> <span class='ocrx_word' id='word_1_220' title='bbox 933 3037 976 3076; x_wconf 88' lang='lat' dir='ltr'>et</span> <span class='ocrx_word' id='word_1_221' title='bbox 1014 3033 1150 3089; x_wconf 79' lang='lat' dir='ltr'>jurari</span> <span class='ocrx_word' id='word_1_222' title='bbox 1180 3033 1236 3075; x_wconf 85' lang='lat' dir='ltr'>ad</span> <span class='ocrx_word' id='word_1_223' title='bbox 1267 3032 1520 3075; x_wconf 87' lang='lat' dir='ltr'>scaccarium</span> <span class='ocrx_word' id='word_1_224' title='bbox 1548 3033 1742 3072; x_wconf 87' lang='lat' dir='ltr'>nostrum</span> <span class='ocrx_word' id='word_1_225' title='bbox 1772 3030 1825 3071; x_wconf 85' lang='lat' dir='ltr'>de</span> <span class='ocrx_word' id='word_1_226' title='bbox 1856 3027 2072 3070; x_wconf 74' lang='lat' dir='ltr'><strong>KAERDIF</strong></span> <span class='ocrx_word' id='word_1_227' title='bbox 2102 3042 2244 3070; x_wconf 89' lang='lat' dir='ltr'>coram</span> 
     </span>
    </p>
   </div>
  </div>
 </body>
</html>
