2386 3645
1927 257 2036 299 1321

1921 337 1929 358 ι

154 454 441 512 predictarum
474 455 650 498 tendere
683 454 775 497 fieri
807 456 851 497 et
883 453 1033 497 haberi
1069 488 1078 497 .
1116 470 1166 498 ea
1203 455 1347 498 omnia
1378 459 1421 499 et
1456 456 1626 513 singula
1657 457 1704 500 in
1737 458 1914 514 prefatis
1944 459 2098 502 litteris

152 548 352 589 contenta
373 578 383 588 .
405 547 615 602 quatenus
634 545 690 587 ad
709 559 787 587 nos
807 544 964 588 attinet
985 578 995 588 .
1017 547 1163 588 tenore
1185 546 1451 602 presencium
1469 547 1728 601 ratificamus
1749 581 1758 590 .
1780 549 2063 605 approbamus
2083 582 2096 595 .

154 639 198 680 et
232 652 285 680 ex
318 639 432 680 certa
466 635 646 679 sciencia
677 636 975 678 confirmamus
1005 670 1015 679 .
1048 639 1091 679 et
1122 636 1200 679 has
1230 637 1394 680 litteras
1424 640 1590 680 nostras
1624 652 1749 695 super
1779 639 1859 682 hoc
1887 640 2099 684 confectas

154 727 395 785 sigillorum
414 729 655 770 nostrorum
675 727 932 783 appensione
953 727 1276 770 communimus.

211 819 378 862 Datum
408 818 643 862 MENEVIAE
672 817 719 860 in
738 818 865 861 domo
886 818 1111 874 capitulari
1140 819 1310 862 ecclesie
1341 818 1595 862 cathedralis
1621 819 1780 862 ibidem
1807 820 2004 863 vicesimo
2031 822 2099 864 die

65 900 67 903 ¹
152 909 309 952 mensis
327 908 522 965 Augusti
543 941 552 950 .
575 923 689 951 anno
711 907 891 952 Domini
911 908 1138 951 millesimo
1159 916 1284 952 cccm0·
1307 909 1569 966 sexagesimo
1589 909 1781 966 septimo.

210 1000 506 1043 Endorsed—‘
521 1000 801 1044 Oonfirmacio
829 999 1013 1056 episcopi
1041 1002 1084 1043 et
1114 1000 1291 1056 capituli
1320 1000 1490 1044 ecclesie
1519 1000 1790 1044 Menevensis
1819 1002 1871 1044 de
1900 1002 2101 1058 pensione

152 1092 336 1134 duarum
355 1106 594 1134 marcarum
614 1093 662 1134 in
682 1091 854 1134 ecclesia
873 1092 926 1134 de
946 1091 1282 1147 Oystremouth.'

209 1182 313 1225 Two
332 1182 631 1240 fragmentary
651 1183 771 1236 seals,
793 1197 924 1239 green
943 1197 1051 1225 wax,

212 1274 250 1316 1.
312 1273 476 1330 Bishop
496 1273 678 1316 ADAM's
707 1273 806 1316 seal.
867 1273 971 1316 Two
1001 1273 1136 1317 saints
1155 1274 1202 1317 in
1221 1274 1392 1327 niches;
1423 1275 1471 1318 in
1490 1274 1602 1328 base,
1624 1275 1698 1318 the
1728 1275 1891 1332 Bishop
1922 1276 2103 1333 adoring

150 1364 271 1408 them
291 1365 429 1408 under
449 1380 505 1407 an
527 1364 639 1408 arch.

207 1457 247 1499 2.
311 1455 499 1512 Chapter
518 1456 564 1499 of
584 1456 646 1499 St.
670 1455 873 1499 DAvm's.

1010 1671 1244 1715 MXXXI.

152 1778 368 1822 GRANT
419 1779 506 1822 BY
555 1779 754 1832 ADAM,
806 1779 1028 1833 ABBOT,
1087 1780 1223 1823 AND
1274 1779 1406 1823 THE
1456 1779 1844 1823 MONASTERY
1888 1779 1967 1823 OF
2018 1779 2101 1823 ST.

293 1870 639 1924 TAURINUS,
671 1871 850 1914 NEAR
882 1871 1164 1924 EVREUX,
1202 1871 1280 1914 OF
1321 1871 1452 1914 THE
1489 1871 1755 1915 OHUROH
1795 1871 1873 1914 OF
1903 1871 2102 1915 KNOY-

292 1961 519 2005 LISTON
568 1961 642 2005 IN
693 1962 936 2016 GOWER,
988 1962 1064 2006 ΤΟ
1114 1963 1299 2006 ADAM
1349 1963 1580 2015 HOTON,
1632 1962 1853 2006 OLERK.

639 2070 810 2125 [HARL.
833 2070 945 2124 MS„
970 2072 1094 2124 1249,
1117 2071 1148 2113 f.
1173 2072 1241 2124 82,
1263 2087 1304 2127 p.
1330 2071 1452 2128 162]
1518 2071 1674 2113 IFEB.
1728 2071 2038 2129 1367[1368.]

204 2177 352 2221 Sciant
372 2181 601 2235 praesentes
622 2181 664 2221 et
684 2179 824 2222 futuri
846 2180 960 2235 quod
980 2195 1058 2222 nos
1078 2179 1221 2222 ADAM
1241 2180 1516 2236 permissione
1537 2179 1683 2222 divina
1703 2179 1833 2222 abbas
1852 2180 2099 2223 monasterii

147 2269 295 2313 Sancti
334 2269 539 2313 TAURINI
580 2284 709 2326 prope
750 2269 1000 2312 EBOROICos
1045 2270 1132 2325 (sic)
1172 2273 1214 2314 et
1254 2270 1447 2327 ejusdem
1494 2270 1575 2313 loci
1623 2273 1856 2313 conventus
1904 2271 2098 2314 dedimus

145 2363 190 2404 et
238 2360 519 2404 concessimus
570 2363 613 2404 et
658 2361 738 2403 hac
788 2362 989 2417 praesenti
1028 2364 1144 2404 carta
1192 2365 1337 2404 nostra
1386 2362 1729 2404 confirmavimus
1767 2361 1940 2404 domino
1979 2361 2097 2404 Am:

145 2451 310 2495 ΗοΤοΝ
335 2452 484 2494 clerico
504 2454 644 2494 totum
673 2451 759 2507 (sie)
786 2454 944 2494 terram
967 2455 1010 2495 et
1030 2455 1275 2495 tenementa
1294 2454 1439 2495 nostra
1459 2467 1554 2508 quae
1575 2451 1781 2495 habemus
1799 2452 1845 2494 in
1865 2452 2097 2508 parochiali

142 2543 314 2586 ecclesia
329 2544 382 2585 de
397 2542 690 2586 KNOYLISTON
707 2543 754 2585 in
773 2543 986 2586 Gonnum
1003 2543 1301 2586 MENEVENSIS
1322 2544 1530 2586 dioceseos
1550 2546 1592 2585 et
1613 2543 1932 2586 advocationem
1953 2558 2000 2585 ac
2019 2543 2091 2599 jus

142 2637 394 2691 patronatus
413 2634 608 2690 ejusdem
627 2634 812 2677 ecclesiae
833 2635 886 2677 de
915 2634 1209 2677 KNOYL1STON
1241 2635 1398 2677 eisdem
1427 2635 1551 2677 terris
1571 2637 1612 2677 et
1636 2634 1890 2677 tenementis
1914 2635 2092 2678 annexis

149 2725 236 2781 (sic)
274 2741 370 2768 cum
398 2725 484 2768 suis
511 2724 679 2781 juribus
705 2729 747 2768 et
772 2726 1042 2782 pertinentiis
1072 2726 1279 2769 universis
1310 2741 1386 2782 pro
1416 2728 1529 2768 certa
1560 2725 1750 2781 pecuniae
1778 2740 1943 2768 summa
1970 2725 2091 2769 nobis

143 2831 219 2872 per
239 2816 402 2859 dictum
422 2816 645 2859 dominum
660 2815 802 2859 ADAM
823 2832 911 2873 prae
931 2817 1130 2859 manibus
1145 2817 1295 2860 soluta.
1356 2816 1622 2860 Habendum
1642 2818 1685 2858 et
1704 2816 1937 2858 tenendum
1958 2818 2090 2859 terras

142 2910 386 2950 tenementa
406 2907 726 2950 advocationem
746 2911 790 2950 et
809 2908 881 2965 jus
901 2911 1152 2964 patronatus
1178 2908 1383 2964 praedicta
1402 2923 1499 2951 cum
1520 2907 1605 2950 suis
1624 2906 1794 2963 juribus
1812 2907 2027 2962 praedictis
2047 2910 2091 2951 et

142 2998 410 3055 pertinentiis
429 2997 638 3041 universis
657 2999 771 3042 dicto
792 2999 965 3042 domino
985 2998 1102 3042 ΑΒΕ
1117 2998 1342 3042 heredibus
1363 3000 1448 3042 suis
1468 3002 1511 3041 et
1531 2997 1756 3055 assignatis
1774 2997 2087 3054 inperpetuum.

343 3139 414 3176 70.
