2386 3645
297 306 408 348 1478

1119 765 1292 808 MOIX.

356 871 573 915 GRANT
614 871 699 915 BY
741 871 903 915 JOAN
944 871 1233 915 RICHARD
1276 872 1351 915 TO
1393 871 1597 916 DAVID
1638 871 1775 914 HER
1815 871 1932 914 SON
1973 872 2051 914 OF

945 962 1120 1005 LAND
1161 962 1234 1005 IN
1276 962 1474 1006 OOITY.

1087 1069 1339 1126 [G'G'F']
1459 1127 1617 1170 2FEB.
1680 1128 1853 1171 snm.
1877 1129 1931 1173 v.
1997 1129 2120 1170 1416.

289 1235 434 1278 Sciant
485 1239 698 1292 presentes
738 1239 781 1278 et
820 1235 957 1277 futuri
1007 1236 1121 1290 quod
1161 1249 1241 1291 ego
1292 1235 1512 1278 JOHANNA
1562 1235 1790 1277 RICHARD'
1825 1236 2041 1291 quondam
2073 1251 2181 1278 uxor

231 1325 261 1369 J
264 1340 464 1368 OHANNIS
487 1325 701 1368 Rmmm)
723 1326 834 1367 dele
858 1324 1184 1368 WOODEMYLLE
1209 1325 1308 1367 dedi
1339 1326 1520 1367 concessi
1548 1327 1591 1367 et
1619 1325 1698 1367 hac
1728 1326 1913 1381 presenti
1944 1328 2059 1368 carta
2085 1341 2179 1369 mea

231 1417 475 1460 confirmavi
526 1417 682 1459 DAvm
724 1416 938 1458 RICHARD
978 1416 1065 1458 filio
1097 1430 1191 1458 meo
1223 1430 1358 1457 unum
1393 1416 1681 1472 messuagium
1715 1419 1757 1458 et
1790 1416 2033 1472 quindecim
2065 1431 2181 1459 acras

229 1511 338 1550 terre
370 1507 540 1550 arabilis
572 1522 668 1549 cum
700 1506 971 1563 pertinenciis
1009 1506 1198 1562 jacentes
1228 1506 1274 1548 in
1307 1505 1708 1549 COITYFHESLONDE
1737 1522 1918 1562 quarum
1945 1507 2182 1562 predictum

227 1599 514 1654 messuagium
535 1601 578 1641 et
600 1598 787 1653 quinque
808 1613 900 1640 acre
921 1599 1031 1639 terre
1054 1600 1200 1639 vocate
1220 1598 1260 1640 le
1293 1597 1629 1640 BROODELONDE
1659 1597 1803 1653 jacent
1829 1598 1876 1640 in
1908 1598 2182 1654 longitudine

226 1689 385 1732 ibidem
425 1690 537 1731 inter
577 1692 733 1731 terram
779 1688 1002 1731 GILBERTI
1044 1688 1203 1731 DENYs
1242 1688 1391 1731 militis
1432 1704 1513 1744 que
1554 1690 1771 1744 quondam
1804 1689 1890 1731 fuit
1927 1688 2182 1733 WILLELMI

226 1780 429 1823 SPENSER
462 1795 513 1822 ex
549 1783 668 1835 parte
701 1779 852 1822 boriali
885 1783 927 1821 et
963 1782 1121 1822 terram
1147 1778 1313 1821 ΤΗΟΜΕ
1340 1794 1393 1834 ap
1427 1779 1627 1822 MEURUC
1652 1795 1705 1821 ex
1735 1782 1855 1835 parte
1884 1779 2060 1822 australi
2092 1813 2101 1822 .
2137 1783 2180 1823 et

225 1871 412 1927 quinque
434 1886 526 1913 acre
546 1874 656 1913 terre
677 1871 822 1926 jacent
842 1871 1003 1913 ibidem
1023 1871 1069 1913 in
1090 1886 1176 1913 uno
1197 1871 1287 1913 loco
1308 1873 1454 1913 vocato
1475 1871 1515 1913 le
1547 1871 1696 1913 SLADE
1721 1871 1768 1912 in
1801 1870 2031 1914 latitudine
2066 1871 2179 1913 inter

223 1964 383 2004 terram
417 1962 595 2018 predicti
625 1961 848 2004 GILBERTI
879 1961 1037 2004 DENYs
1061 1961 1210 2004 militis
1242 1977 1294 2003 ex
1320 1964 1441 2018 parte
1476 1961 1626 2004 boriali
1660 1964 1702 2003 et
1735 1964 1895 2004 terram
1930 1962 2093 2004 domini
2125 1962 2178 2004 de

230 2052 435 2094 COYTIFF'
475 2068 556 2108 que
599 2053 814 2108 quondam
854 2053 939 2095 fuit
963 2052 1190 2095 NIOHOLAI
1218 2052 1385 2095 YAGGE
1407 2068 1459 2095 ex
1483 2055 1602 2108 parte
1636 2052 1812 2095 australi
1840 2054 1881 2094 et
1910 2052 2181 2108 longitudine

226 2158 323 2185 vero
343 2143 486 2199 jacent
505 2143 617 2186 inter
637 2147 793 2186 terram
812 2144 992 2199 predicti
1012 2143 1243 2186 NICHOLAI
1265 2158 1316 2185 ex
1332 2145 1451 2198 parte
1472 2143 1668 2186 orientali
1684 2146 1727 2184 et
1747 2145 1904 2185 terram
1928 2142 2175 2187 WILLELMI

231 2233 425 2276 GETHYN
447 2250 499 2276 ex
519 2238 639 2289 parte
661 2234 924 2285 occidentali,
946 2237 988 2276 et
1017 2235 1205 2289 quinque
1225 2249 1318 2276 acre
1339 2238 1448 2276 terre
1470 2233 1629 2276 ibidem
1649 2234 1793 2289 jacent
1813 2234 1857 2275 in
1882 2235 2068 2289 quodam
2087 2234 2178 2276 loco

228 2328 374 2367 vocato
398 2325 898 2367 HERBERDHESTHORNE
919 2325 965 2367 in
985 2324 1256 2382 longitudine
1272 2325 1385 2367 inter
1397 2328 1554 2367 terram
1570 2324 1599 2367 J
1602 2338 1801 2366 OHANNIS
1819 2324 2112 2366 MILLEWARD
2126 2340 2180 2367 ex

224 2419 343 2471 parte
373 2416 620 2458 occidentali
649 2419 692 2459 et
724 2418 881 2459 terram
915 2416 1082 2458 ΤΗΟΜΕ
1114 2416 1300 2458 TROYNE
1333 2432 1385 2458 ex
1417 2419 1536 2471 parte
1565 2415 1773 2457 orientali.
1840 2415 2104 2458 Habendum
2134 2419 2175 2458 et

229 2507 462 2548 tenendum
494 2506 733 2562 predictum
765 2506 1052 2562 messuagium
1082 2510 1125 2548 et
1146 2507 1395 2562 quindecem
1416 2521 1532 2548 acras
1551 2509 1661 2552 terre
1683 2521 1780 2548 cum
1801 2506 1886 2548 suis
1908 2505 2181 2560 pertinenciis

229 2597 417 2652 predicto
447 2597 603 2639 Dum
633 2597 858 2640 heredibus
888 2600 931 2640 et
962 2598 1188 2654 assignatis
1208 2597 1293 2639 suis
1313 2597 1627 2653 imperpetuum
1647 2597 1699 2639 de
1721 2596 1974 2652 capitalibus
1994 2597 2177 2639 dominis

228 2687 343 2730 feodi
375 2687 491 2730 illius
525 2703 600 2744 per
630 2688 821 2731 redditus
848 2692 890 2731 et
920 2689 1094 2731 servicia
1123 2688 1240 2744 prius
1270 2688 1414 2730 debita
1449 2690 1492 2730 et
1522 2689 1574 2730 de
1605 2687 1702 2743 jure
1732 2689 1943 2730 consueta,
2006 2687 2067 2729 Et
2098 2702 2178 2744 ego

228 2793 328 2821 vero
349 2779 539 2834 predicta
558 2779 588 2822 J
590 2793 779 2821 OHANNA
799 2782 842 2821 et
861 2779 1036 2822 heredes
1065 2779 1149 2822 mei
1178 2779 1368 2835 predicta
1398 2778 1684 2834 messuagium
1715 2781 1758 2820 et
1788 2778 2031 2833 quindecim
2066 2793 2183 2820 acras

227 2874 335 2912 terre
371 2885 467 2913 cum
498 2871 769 2926 pertinenciis
796 2871 984 2927 predicto
1008 2871 1160 2913 DAvn)
1190 2869 1415 2913 heredibus
1440 2873 1482 2912 et
1505 2869 1731 2926 assignatis
1757 2869 1844 2911 suis
1865 2871 2010 2911 contra
2031 2884 2179 2911 omnes

231 2965 379 3017 gentes
400 2961 769 3004 warantizabimus
789 2961 1122 3018 acquietabimus
1142 2964 1184 3003 et
1203 2962 1518 3017 imperpetuum
1538 2959 1828 3002 defendemus.
1890 2959 1943 3000 In
1968 2959 2092 3014 cujus
2112 2958 2174 3001 rei

230 3052 524 3095 testimonium
557 3052 657 3095 huic
694 3053 879 3108 presenti
916 3055 1027 3095 carte
1059 3067 1151 3095 mee
1185 3051 1376 3108 sigillum
1406 3066 1550 3094 meum
1581 3051 1772 3106 apposui.
1834 3049 1937 3092 Hiis
1962 3048 2143 3092 testibus
2172 3082 2181 3091 .
