2386 3645
1973 265 2082 307 1625

197 462 400 505 MORGAN
436 497 444 505 .
483 463 693 505 carissimo
732 462 865 505 fratre
901 466 1044 504 nostro
1081 462 1249 505 ΤΗοΜΑ
1285 464 1467 507 NEVILL
1499 466 1742 510 vicecomite
1780 468 2065 513 GLAMORGAN
2098 474 2140 514 et

199 553 398 596 MORGAN
442 553 578 596 milite
613 587 622 596 .
659 568 707 596 ac
742 553 907 595 dilectis
945 552 1069 595 nobis
1108 553 1342 596 EDWARDO
1383 554 1672 598 STRADLINGE
1707 558 1843 600 milite
1879 592 1889 603 .
1923 559 1952 602 J
1955 574 2140 603 OHANNE

199 645 399 687 NANFAN
424 678 433 685 .
456 644 611 687 DAvn)
631 643 876 686 MATTHEW
899 677 908 685 .
936 643 1103 685 THOMA
1134 644 1250 686 Com
1289 678 1296 686 .
1333 645 1500 688 THOMA
1536 647 1841 691 PORTHALLYN
1879 683 1887 691 .
1923 651 2140 694 JOHANNE

199 734 330 777 EYRE
354 769 362 777 .
385 737 426 778 et
455 735 560 777 aliis.

260 826 424 867 Datum
443 826 490 867 in
511 828 644 867 castro
665 828 808 866 nostro
829 825 882 866 de
903 823 1105 867 CARDIFF
1126 826 1374 868 duodecimo
1405 827 1473 868 die
1512 827 1662 870 Martii
1697 845 1808 873 anno
1848 832 1971 888 regni
2010 832 2142 889 Regis

199 916 407 958 HENRICI
429 916 536 958 sexti
555 918 651 971 post
671 919 947 970 conquestum
967 915 1163 958 vicesimo
1183 931 1307 959 nono.

290 998 357 1027 The
378 1001 449 1027 text
472 998 505 1027 of
527 997 593 1026 this
616 997 750 1026 Charter
770 997 829 1025 has
850 997 930 1026 been
952 997 1120 1035 conuptly
1142 998 1252 1035 copied
1274 999 1307 1027 in
1328 999 1383 1028 the
1405 999 1475 1028 first
1499 1000 1663 1038 instance3
1686 1001 1712 1030 it
1734 1002 1792 1031 has
1806 1002 1885 1032 been
1901 1003 2133 1042 conjecturally

213 1054 352 1084 restored
366 1054 440 1083 here
454 1053 486 1082 in
500 1062 518 1082 a
534 1054 596 1082 few
611 1053 727 1090 places.

972 1166 1381 1212 MOLXXXVIII.

206 1266 421 1311 GRANT
476 1266 549 1309 IN
608 1265 995 1309 REMAINDER
1055 1266 1143 1309 BY
1200 1267 1370 1310 JOHN
1429 1268 1741 1313 DALDEYN
1805 1270 1881 1313 ΤΟ
1944 1272 2147 1316 DAVID

349 1356 659 1400 DALDEYN
709 1357 788 1399 OF
828 1356 937 1400 HIS
982 1356 1203 1410 LANDS,
1245 1358 1390 1411 ETO„
1431 1359 1502 1402 IN
1545 1359 2148 1415 GLAMORGANSHIRE,

350 1447 527 1492 WITH
569 1447 898 1490 SPEGIFIED
940 1447 1369 1492 REMAINDERS.

1013 1546 1192 1603 [CARNE
1233 1547 1350 1604 MS]

1227 1639 1252 1679 8
1286 1638 1469 1681 MARCH.
1545 1640 1599 1682 29
1641 1640 1766 1682 HEN.
1805 1640 1886 1684 VI.
1970 1642 2093 1683 1451.

261 1735 408 1779 Sciant
428 1738 643 1793 presentes
663 1738 705 1779 et
725 1736 863 1779 futuri
890 1737 1003 1792 quod
1030 1751 1109 1792 ego
1140 1736 1169 1779 J
1172 1751 1380 1779 OHANNES
1401 1738 1625 1781 DALDEYN
1656 1740 1709 1781 de
1739 1739 1945 1782 LoNDON'
1977 1740 2090 1782 fflius
2110 1743 2153 1782 et

205 1827 327 1870 heres
357 1827 582 1869 EDWARDI
611 1827 836 1869 DALDEYN
868 1828 920 1869 de
943 1826 1302 1870 GLAMORGANCIA
1333 1829 1583 1884 gentylman
1608 1845 1660 1872 ex
1679 1845 1796 1872 mera
1815 1831 2034 1873 voluntate
2055 1846 2150 1873 mea

205 1919 387 1961 concessi
419 1918 550 1960 statui
585 1921 627 1961 et
660 1918 837 1960 firmiter
871 1918 1058 1960 stabilivi
1091 1920 1203 1974 quod
1237 1920 1379 1961 omnia
1413 1922 1523 1962 terre
1551 1924 1593 1962 et
1624 1924 1868 1963 tenementa
1900 1936 1994 1963 mea
2030 1925 2151 1977 prata

206 2024 360 2065 pascua
388 2012 558 2064 pastura
589 2012 707 2051 vasta
736 2009 928 2051 redditus
957 2012 999 2050 et
1030 2009 1204 2051 servicia
1234 2025 1330 2051 oum
1361 2025 1506 2052 eorum
1535 2011 1805 2066 pertinentiis
1826 2027 1907 2067 que
1937 2011 2072 2054 habeo
2103 2013 2149 2054 in

205 2099 404 2142 dominiis
425 2103 468 2141 et
490 2099 759 2141 eomitatibus
793 2098 1151 2142 GLAMORGANOIE
1182 2102 1224 2142 et
1257 2099 1532 2142 MORGANCIE
1566 2116 1614 2143 ao
1643 2101 1758 2143 infra
1787 2101 2028 2144 libertatem
2048 2102 2150 2144 ville

208 2191 261 2232 de
282 2188 512 2246 CARDY[F]
539 2192 581 2231 et
600 2189 715 2231 infra
735 2190 972 2232 dominium
997 2191 1051 2232 de
1066 2189 1306 2247 LANDA[F]
1326 2190 1372 2232 in
1388 2191 1604 2246 provincia
1618 2191 1812 2234 WALLIE
1829 2195 1923 2248 post
1938 2193 2151 2235 decessum

201 2281 289 2323 mei
318 2281 476 2336 prefati
505 2280 535 2323 J
537 2295 736 2323 OHANNIS
766 2286 808 2323 et
837 2281 1040 2324 heredum
1064 2283 1115 2324 de
1136 2297 1304 2337 corpore
1325 2296 1418 2324 meo
1449 2282 1697 2324 exeuntium
1718 2283 1884 2339 integre
1904 2287 2151 2325 remaneant

205 2371 360 2413 DAvm
390 2371 613 2413 DALDEYN
643 2371 768 2413 fratri
787 2387 881 2414 meo
902 2374 944 2414 et
964 2371 1188 2414 heredibus
1209 2373 1260 2413 de
1282 2387 1356 2414 suo
1378 2388 1548 2427 corpore
1570 2373 1835 2415 exeuntibus,
1897 2374 1957 2415 Et
1979 2374 2013 2415 si
2035 2374 2148 2416 idem

203 2461 360 2504 DAvn)
390 2462 479 2504 sine
510 2461 758 2518 hujusmodi
788 2461 940 2504 herede
971 2462 1175 2504 moriatm
1196 2469 1351 2504 extunc
1380 2463 1523 2504 omnia
1552 2463 1740 2518 predicta
1771 2467 1879 2506 terre
1909 2467 2150 2506 tenementa

203 2552 395 2594 redditus
416 2555 458 2594 et
479 2552 653 2594 servicia
673 2567 768 2594 cum
798 2553 1069 2608 pertinenciis
1098 2553 1264 2608 integre
1285 2557 1532 2595 remaneant
1564 2552 1808 2595 KATERINE
1839 2554 1967 2596 sorori
1996 2569 2086 2595 mee
2107 2557 2150 2595 et

204 2642 427 2684 heredibus
448 2644 500 2684 de
521 2657 690 2698 corpore
711 2658 786 2686 suo
807 2643 998 2699 legitime
1019 2642 1255 2698 procreatis.
1314 2643 1374 2684 Et
1394 2659 1469 2698 pro
1490 2643 1659 2686 defectu
1679 2644 1924 2700 hujusmodi
1945 2644 2148 2686 heredum

207 2733 399 2789 ejusdem
432 2733 678 2775 KATERINE
718 2749 935 2775 remanere
970 2734 1068 2775 inde
1105 2733 1361 2776 WILLELMO
1397 2733 1521 2775 fratri
1549 2748 1642 2776 meo
1674 2737 1715 2776 et
1747 2733 1970 2776 heredibus
1998 2735 2048 2776 de
2074 2749 2147 2776 suo

206 2837 376 2878 corpore
411 2824 676 2866 exeuntibus.
751 2824 812 2866 Et
843 2839 918 2880 pro
952 2824 1120 2866 defectu
1155 2823 1401 2879 hujusmodi
1434 2823 1638 2866 heredum
1670 2825 1721 2866 de
1754 2839 1922 2880 corpore
1957 2824 2147 2879 ejusdem

208 2913 456 2957 WILLELMI
492 2915 746 2957 exeuntibus
777 2930 994 2957 remanere
1026 2915 1126 2956 inde
1158 2914 1186 2956 J
1191 2928 1366 2956 OHANNI
1394 2914 1517 2957 fratri
1547 2930 1641 2957 meo
1666 2918 1708 2957 et
1737 2915 1962 2957 heredibus
1992 2916 2043 2956 de
2074 2930 2148 2958 suo

206 3019 376 3060 corpore
411 3005 603 3060 legitime
638 3005 875 3060 procreatis.
959 3005 1017 3047 Et
1052 3020 1127 3060 pro
1161 3005 1329 3047 defectu
1370 3005 1618 3061 hujusmodi
1658 2995 1860 3047 heredum
1894 3006 1945 3046 de
1981 3020 2148 3061 corpore

409 3145 480 3179 91)
