2386 3645
327 268 439 310 1550

267 475 367 519 huic
398 475 584 531 presenti
615 478 727 518 carte
757 475 949 532 sigillum
978 489 1122 516 meum
1141 473 1324 531 present’
1347 473 1536 530 apposui.
1598 473 1702 516 Hiis
1721 472 1900 516 testibus
1922 507 1930 515 .
1956 473 2215 517 W1LLELMO

271 568 510 611 AssHETON
530 569 660 610 militi
680 571 784 611 tunc
804 568 1050 611 scenessallo
1079 567 1325 611 GouHERIE
1358 601 1366 609 .
1399 567 1429 610 J
1431 581 1620 609 OHANNE
1646 566 1861 609 DAWKYN
1882 569 1986 609 tunc
2005 568 2216 623 preposito

271 659 371 703 ville
402 660 454 702 de
485 659 763 701 SWEYNESEY
795 692 804 701 .
836 658 955 702 JAcK
985 657 1172 702 WYNNE
1205 693 1213 700 .
1247 657 1437 700 THoMAs
1472 657 1641 700 ΡοοοοΚ
1673 691 1681 699 .
1715 660 1758 699 et
1778 656 1808 700 J
1810 671 1998 699 OHANNE
2020 656 2155 700 DAVY
2175 661 2218 701 et

269 750 417 792 multis
436 750 542 793 aliis.

329 842 445 885 Data
466 843 579 898 apud
602 841 880 884 SWEYNESEY
900 847 1089 883 xxvnm0·
1109 841 1178 883 die
1197 841 1353 882 mensis
1375 839 1569 883 Octobris
1589 854 1702 882 anno
1718 839 1841 896 regni
1857 839 1992 896 Regis
2013 839 2217 883 HENRICI

270 933 380 975 sexti
399 936 494 989 post
515 936 791 989 conquestum
811 932 1046 975 undecimo.

328 1025 426 1068 Seal
446 1039 570 1082 gone.

1165 1247 1305 1290 MOL.

274 1349 549 1393 REGITAL
587 1349 722 1392 AND
765 1347 1218 1392 RATIFIOATION
1258 1347 1346 1390 BY
1386 1347 1517 1390 THE
1563 1346 1860 1390 OHAPTER
1900 1347 1978 1390 OF
2027 1347 2218 1392 LLAN-

417 1440 586 1483 DAFF
638 1440 716 1483 OF
767 1440 898 1483 THE
941 1438 1140 1482 LEASE
1192 1439 1271 1482 OF
1321 1438 1452 1481 THE
1502 1438 1730 1481 MANOR
1781 1438 1859 1481 OF
1909 1438 2082 1481 NASH
2132 1439 2220 1482 BY

414 1532 645 1575 BISHOP
696 1531 865 1575 JOHN
917 1530 1132 1574 WELLS
1173 1530 1250 1573 TO
1292 1529 1529 1574 HOWEL
1570 1529 1794 1573 CARNE.

1075 1638 1255 1696 [CARNE
1292 1638 1411 1695 MS]
1803 1639 1829 1679 3
1860 1637 1970 1680 DEc.
2036 1639 2161 1680 1432.

329 1749 553 1792 Universis
593 1751 734 1791 sancte
774 1747 922 1791 matris
962 1748 1131 1790 ecclesie
1171 1748 1270 1790 filiis
1311 1748 1365 1790 ad
1406 1762 1586 1803 quorum
1619 1747 1820 1789 noticiam
1852 1750 2065 1803 presentes
2097 1747 2218 1790 litere

272 1841 541 1897 pervenerint
562 1840 883 1883 archidiaconus
903 1843 946 1882 et
967 1839 1202 1896 capitulum
1223 1839 1393 1881 ecclesie
1414 1837 1667 1881 cathedralis
1697 1837 2020 1880 LANDAVENSIS
2041 1838 2223 1881 salutem

270 1933 317 1976 in
338 1948 386 1975 eo
409 1933 482 1988 qui
503 1938 564 1974 est
597 1932 789 1974 omnium
808 1947 907 1974 vera
938 1931 1061 1974 salus.
1124 1930 1342 1974 Noveritis
1361 1945 1439 1973 nos
1458 1930 1690 1986 inspexisse
1713 1930 1916 1985 scriptum
1936 1931 2157 1973 reverendi
2176 1930 2223 1973 in

273 2023 471 2067 CHRlsro
503 2023 636 2079 patris
668 2026 710 2066 et
745 2022 910 2065 domini
947 2022 1110 2064 domini
1140 2022 1169 2065 J
1172 2036 1372 2064 OHANNIS
1406 2021 1680 2078 permissione
1720 2020 1866 2063 divina
1901 2020 2222 2065 LANDAVENSIS

279 2115 462 2172 episcopi
482 2115 528 2157 in
548 2115 639 2157 haec
659 2114 787 2157 verba
802 2130 872 2156 :—

334 2206 575 2249 JOHANNES
596 2206 868 2262 permissione
890 2206 1036 2248 divina
1056 2206 1274 2262 episcopus
1297 2204 1615 2247 LANDAVENSIS
1638 2204 1834 2247 omnibus
1858 2205 1913 2247 ad
1930 2219 2033 2261 quos
2054 2219 2224 2260 presens

280 2299 483 2354 scriptum
503 2298 744 2354 pervenerit
764 2298 945 2340 saiutem
966 2298 1150 2354 gratiam
1172 2300 1214 2340 et
1233 2297 1582 2340 benedictionem.
1645 2295 1796 2338 Sciatis
1817 2311 1893 2339 nos
1914 2297 2160 2339 concessisse
2182 2299 2225 2340 et

277 2391 333 2432 ad
353 2391 521 2432 firmam
542 2389 748 2432 dimisisse
769 2389 974 2432 Howmo
1006 2389 1164 2432 CARNE
1185 2389 1423 2431 manerium
1443 2391 1636 2430 nostrum
1658 2389 1710 2429 de
1731 2386 1889 2429 NAscH
1911 2401 2008 2428 cum
2028 2385 2226 2429 omnibus

276 2482 400 2524 terris
433 2484 475 2523 et
508 2481 763 2523 tenementis
795 2481 1032 2524 redditibus
1068 2482 1202 2537 pratis
1234 2481 1398 2536 pascuis
1430 2480 1614 2536 pasturis
1634 2479 1764 2522 vastis
1786 2494 1881 2520 cum
1915 2477 2112 2520 omnibus
2132 2478 2226 2520 aliis

277 2571 647 2615 commoditatibus
697 2578 739 2614 et
788 2572 984 2628 proficuis
1034 2572 1169 2614 eidem
1222 2572 1410 2614 manerio
1460 2570 1748 2627 spectantibus
1797 2572 1840 2612 et
1899 2569 2223 2624 pertinentibus.

278 2663 545 2706 Habendum
565 2666 607 2705 et
628 2665 862 2705 tenendum
887 2664 1124 2707 manerium
1155 2664 1392 2719 predictum
1421 2677 1517 2705 cum
1539 2661 1736 2704 omnibus
1757 2660 1879 2703 terris
1900 2663 1942 2702 et
1971 2660 2226 2702 tenementis

277 2754 514 2797 redditibus
548 2755 681 2811 pratis
713 2756 877 2811 pascuis
912 2756 1096 2811 pasturis
1131 2755 1260 2798 vastis
1296 2770 1392 2797 cum
1427 2753 1624 2796 omnibus
1656 2753 1750 2795 aliis
1781 2751 2151 2794 commoditatibus
2183 2754 2226 2794 et

277 2847 474 2903 proficuis
495 2847 633 2889 eidem
653 2847 842 2889 manerio
864 2847 1152 2903 spectantibus
1173 2850 1215 2890 et
1235 2846 1548 2903 pertinentibus
1564 2845 1751 2901 predicto
1776 2844 1980 2886 HOWELo
2001 2842 2226 2885 heredibus

278 2941 322 2980 et
352 2939 577 2994 assignatis
608 2939 693 2980 suis
724 2940 778 2981 ad
798 2939 1029 2981 terminum
1050 2939 1365 2995 quinquaginta
1386 2952 1595 2979 annorum
1615 2935 1808 2992 proximo
1834 2934 2102 2990 sequentium
2132 2937 2226 2990 post

277 3031 427 3072 datum
468 3029 742 3084 presencium.
806 3029 1043 3072 Reddendo
1082 3030 1182 3072 inde
1222 3029 1344 3072 nobis
1383 3032 1426 3071 et
1467 3026 1769 3070 successoribus
1808 3025 1963 3068 nostris
2002 3025 2227 3067 annuatim
