<?xml version="1.0" encoding="UTF-8"?>
<!DOCTYPE html PUBLIC "-//W3C//DTD XHTML 1.0 Transitional//EN"
    "http://www.w3.org/TR/xhtml1/DTD/xhtml1-transitional.dtd">
<html xmlns="http://www.w3.org/1999/xhtml" xml:lang="en" lang="en">
 <head>
  <title>
</title>
<meta http-equiv="Content-Type" content="text/html;charset=utf-8" />
  <meta name='ocr-system' content='tesseract 3.04.00' />
  <meta name='ocr-capabilities' content='ocr_page ocr_carea ocr_par ocr_line ocrx_word'/>
</head>
<body>
  <div class='ocr_page' id='page_1' title='image "./cartaeetaliamuni04claruoft_0260.png"; bbox 0 0 2386 3645; ppageno 0'>
   <div class='ocr_carea' id='block_1_1' title="bbox 246 304 356 346">
    <p class='ocr_par' dir='ltr' id='par_1_1' title="bbox 246 304 356 346">
     <span class='ocr_line' id='line_1_1' title="bbox 246 304 356 346; baseline -0.009 0"><span class='ocrx_word' id='word_1_1' title='bbox 246 304 356 346; x_wconf 83' lang='lat'>1380</span> 
     </span>
    </p>
   </div>
   <div class='ocr_carea' id='block_1_2' title="bbox 1020 496 1295 540">
    <p class='ocr_par' dir='ltr' id='par_1_2' title="bbox 1020 496 1295 540">
     <span class='ocr_line' id='line_1_2' title="bbox 1020 496 1295 540; baseline 0 -1"><span class='ocrx_word' id='word_1_2' title='bbox 1020 496 1295 540; x_wconf 87' lang='lat' dir='ltr'><strong>MLXVIII.</strong></span> 
     </span>
    </p>
   </div>
   <div class='ocr_carea' id='block_1_3' title="bbox 185 601 2128 829">
    <p class='ocr_par' dir='ltr' id='par_1_3' title="bbox 185 601 2128 829">
     <span class='ocr_line' id='line_1_3' title="bbox 185 601 2126 657; baseline 0.002 -13"><span class='ocrx_word' id='word_1_3' title='bbox 185 601 632 648; x_wconf 78' lang='lat' dir='ltr'><strong>AOQUITTANOE</strong></span> <span class='ocrx_word' id='word_1_4' title='bbox 688 603 775 647; x_wconf 85' lang='lat' dir='ltr'>BY</span> <span class='ocrx_word' id='word_1_5' title='bbox 825 602 1094 656; x_wconf 82' lang='lat' dir='ltr'><strong>THOMAS,</strong></span> <span class='ocrx_word' id='word_1_6' title='bbox 1149 604 1356 647; x_wconf 84' lang='lat' dir='ltr'><strong>ABBOT</strong></span> <span class='ocrx_word' id='word_1_7' title='bbox 1409 605 1486 648; x_wconf 89' lang='lat' dir='ltr'>OF</span> <span class='ocrx_word' id='word_1_8' title='bbox 1541 604 1998 657; x_wconf 79' lang='lat' dir='ltr'>TEWKESBURY,</span> <span class='ocrx_word' id='word_1_9' title='bbox 2050 605 2126 648; x_wconf 85' lang='lat' dir='ltr'>TO</span> 
     </span>
     <span class='ocr_line' id='line_1_4' title="bbox 329 691 2128 746; baseline 0.003 -11"><span class='ocrx_word' id='word_1_10' title='bbox 329 691 608 736; x_wconf 76' lang='lat' dir='ltr'>MARGAM</span> <span class='ocrx_word' id='word_1_11' title='bbox 637 693 866 746; x_wconf 87' lang='lat' dir='ltr'><strong>ABBEY,</strong></span> <span class='ocrx_word' id='word_1_12' title='bbox 899 694 1020 738; x_wconf 81' lang='lat' dir='ltr'>FOR</span> <span class='ocrx_word' id='word_1_13' title='bbox 1050 694 1306 739; x_wconf 87' lang='lat' dir='ltr'>ELEVEN</span> <span class='ocrx_word' id='word_1_14' title='bbox 1348 695 1595 738; x_wconf 84' lang='lat' dir='ltr'>POUNDs</span> <span class='ocrx_word' id='word_1_15' title='bbox 1629 696 1755 739; x_wconf 79' lang='lat' dir='ltr'>TEN</span> <span class='ocrx_word' id='word_1_16' title='bbox 1787 695 2128 740; x_wconf 74' lang='lat' dir='ltr'><strong>SHILLINGS</strong></span> 
     </span>
     <span class='ocr_line' id='line_1_5' title="bbox 330 783 2126 829; baseline 0.002 -4"><span class='ocrx_word' id='word_1_17' title='bbox 330 783 509 826; x_wconf 82' lang='lat' dir='ltr'><strong>FARM</strong></span> <span class='ocrx_word' id='word_1_18' title='bbox 559 783 731 827; x_wconf 79' lang='lat' dir='ltr'><strong>RENT</strong></span> <span class='ocrx_word' id='word_1_19' title='bbox 781 784 903 827; x_wconf 84' lang='lat' dir='ltr'>FOR</span> <span class='ocrx_word' id='word_1_20' title='bbox 954 784 1084 828; x_wconf 87' lang='lat' dir='ltr'>THE</span> <span class='ocrx_word' id='word_1_21' title='bbox 1136 785 1475 829; x_wconf 80' lang='lat' dir='ltr'>OHUROHES</span> <span class='ocrx_word' id='word_1_22' title='bbox 1526 786 1605 829; x_wconf 90' lang='lat' dir='ltr'>OF</span> <span class='ocrx_word' id='word_1_23' title='bbox 1645 785 1952 829; x_wconf 84' lang='lat' dir='ltr'><strong>KENEFEK</strong></span> <span class='ocrx_word' id='word_1_24' title='bbox 1991 786 2126 829; x_wconf 90' lang='lat' dir='ltr'>AND</span> 
     </span>
    </p>
   </div>
   <div class='ocr_carea' id='block_1_4' title="bbox 329 873 2067 991">
    <p class='ocr_par' dir='ltr' id='par_1_4' title="bbox 329 873 2067 991">
     <span class='ocr_line' id='line_1_6' title="bbox 329 873 729 918; baseline 0.003 -2"><span class='ocrx_word' id='word_1_25' title='bbox 329 873 729 918; x_wconf 81' lang='lat' dir='ltr'><strong>NEWOASTLE.</strong></span> 
     </span>
     <span class='ocr_line' id='line_1_7' title="bbox 894 932 2067 991; baseline 0.003 -17"><span class='ocrx_word' id='word_1_26' title='bbox 894 932 1124 989; x_wconf 78' lang='lat' dir='ltr'>[MARGAM</span> <span class='ocrx_word' id='word_1_27' title='bbox 1166 933 1422 991; x_wconf 64' lang='lat' dir='ltr'>CHARTER]</span> <span class='ocrx_word' id='word_1_28' title='bbox 1719 936 1744 975; x_wconf 83' lang='lat'>6</span> <span class='ocrx_word' id='word_1_29' title='bbox 1778 934 1879 977; x_wconf 79' lang='lat' dir='ltr'><strong>OCT.</strong></span> <span class='ocrx_word' id='word_1_30' title='bbox 1943 935 2067 977; x_wconf 84' lang='lat'>1394.</span> 
     </span>
    </p>
   </div>
   <div class='ocr_carea' id='block_1_5' title="bbox 176 1036 2130 2007">
    <p class='ocr_par' dir='ltr' id='par_1_5' title="bbox 176 1036 2130 1730">
     <span class='ocr_line' id='line_1_8' title="bbox 242 1036 2130 1097; baseline 0.003 -18"><span class='ocrx_word' id='word_1_31' title='bbox 242 1036 395 1080; x_wconf 85' lang='lat' dir='ltr'>Pateat</span> <span class='ocrx_word' id='word_1_32' title='bbox 433 1038 641 1081; x_wconf 87' lang='lat' dir='ltr'>universis</span> <span class='ocrx_word' id='word_1_33' title='bbox 675 1053 749 1095; x_wconf 89' lang='lat' dir='ltr'>per</span> <span class='ocrx_word' id='word_1_34' title='bbox 781 1043 994 1094; x_wconf 81' lang='lat' dir='ltr'>presentes</span> <span class='ocrx_word' id='word_1_35' title='bbox 1031 1041 1144 1095; x_wconf 86' lang='lat' dir='ltr'>quod</span> <span class='ocrx_word' id='word_1_36' title='bbox 1180 1055 1254 1082; x_wconf 88' lang='lat' dir='ltr'>nos</span> <span class='ocrx_word' id='word_1_37' title='bbox 1289 1041 1479 1083; x_wconf 74' lang='lat' dir='ltr'>THoMAs</span> <span class='ocrx_word' id='word_1_38' title='bbox 1512 1043 1786 1097; x_wconf 84' lang='lat' dir='ltr'>permissione</span> <span class='ocrx_word' id='word_1_39' title='bbox 1821 1042 1966 1085; x_wconf 85' lang='lat' dir='ltr'>divina</span> <span class='ocrx_word' id='word_1_40' title='bbox 1999 1042 2130 1086; x_wconf 82' lang='lat' dir='ltr'>abbas</span> 
     </span>
     <span class='ocr_line' id='line_1_9' title="bbox 182 1129 2128 1189; baseline 0.003 -18"><span class='ocrx_word' id='word_1_41' title='bbox 182 1129 427 1171; x_wconf 84' lang='lat' dir='ltr'>monasterii</span> <span class='ocrx_word' id='word_1_42' title='bbox 448 1129 500 1171; x_wconf 91' lang='grc' dir='ltr'>Β.</span> <span class='ocrx_word' id='word_1_43' title='bbox 518 1129 580 1172; x_wconf 88' lang='grc' dir='ltr'>Μ.</span> <span class='ocrx_word' id='word_1_44' title='bbox 597 1131 649 1172; x_wconf 90' lang='lat' dir='ltr'>de</span> <span class='ocrx_word' id='word_1_45' title='bbox 670 1129 978 1172; x_wconf 80' lang='lat' dir='ltr'><strong>TEUKESBURY</strong></span> <span class='ocrx_word' id='word_1_46' title='bbox 1000 1130 1336 1173; x_wconf 82' lang='lat' dir='ltr'>WYGORNENSIS</span> <span class='ocrx_word' id='word_1_47' title='bbox 1358 1132 1565 1175; x_wconf 79' lang='lat' dir='ltr'>dioceseos</span> <span class='ocrx_word' id='word_1_48' title='bbox 1585 1134 1818 1189; x_wconf 78' lang='lat' dir='ltr'>recepimus</span> <span class='ocrx_word' id='word_1_49' title='bbox 1838 1137 1881 1176; x_wconf 87' lang='lat' dir='ltr'>et</span> <span class='ocrx_word' id='word_1_50' title='bbox 1900 1132 2128 1176; x_wconf 86' lang='lat' dir='ltr'>habuimus</span> 
     </span>
     <span class='ocr_line' id='line_1_10' title="bbox 179 1219 2126 1276; baseline 0.003 -15"><span class='ocrx_word' id='word_1_51' title='bbox 179 1233 256 1274; x_wconf 90' lang='lat' dir='ltr'>pro</span> <span class='ocrx_word' id='word_1_52' title='bbox 287 1219 409 1262; x_wconf 87' lang='lat' dir='ltr'>nobis</span> <span class='ocrx_word' id='word_1_53' title='bbox 437 1223 479 1262; x_wconf 83' lang='lat' dir='ltr'>et</span> <span class='ocrx_word' id='word_1_54' title='bbox 507 1223 719 1263; x_wconf 87' lang='lat' dir='ltr'>conventu</span> <span class='ocrx_word' id='word_1_55' title='bbox 746 1223 889 1263; x_wconf 84' lang='lat' dir='ltr'>nostro</span> <span class='ocrx_word' id='word_1_56' title='bbox 918 1221 969 1263; x_wconf 90' lang='lat' dir='ltr'>de</span> <span class='ocrx_word' id='word_1_57' title='bbox 1005 1221 1213 1276; x_wconf 85' lang='lat' dir='ltr'>religiosis</span> <span class='ocrx_word' id='word_1_58' title='bbox 1241 1222 1341 1264; x_wconf 88' lang='lat' dir='ltr'>viris</span> <span class='ocrx_word' id='word_1_59' title='bbox 1374 1222 1526 1266; x_wconf 79' lang='lat' dir='ltr'>abbate</span> <span class='ocrx_word' id='word_1_60' title='bbox 1552 1226 1595 1265; x_wconf 89' lang='lat' dir='ltr'>et</span> <span class='ocrx_word' id='word_1_61' title='bbox 1615 1227 1827 1266; x_wconf 85' lang='lat' dir='ltr'>conventu</span> <span class='ocrx_word' id='word_1_62' title='bbox 1851 1225 1903 1266; x_wconf 87' lang='lat' dir='ltr'>de</span> <span class='ocrx_word' id='word_1_63' title='bbox 1924 1224 2126 1266; x_wconf 75' lang='lat' dir='ltr'>MORGAN</span> 
     </span>
     <span class='ocr_line' id='line_1_11' title="bbox 181 1309 2128 1358; baseline 0.003 -7"><span class='ocrx_word' id='word_1_64' title='bbox 181 1309 512 1354; x_wconf 76' lang='lat' dir='ltr'>CISTERCIENSIS</span> <span class='ocrx_word' id='word_1_65' title='bbox 543 1311 703 1353; x_wconf 86' lang='lat' dir='ltr'>ordinis</span> <span class='ocrx_word' id='word_1_66' title='bbox 732 1310 1053 1353; x_wconf 80' lang='lat' dir='ltr'><strong>LANDAVENSIS</strong></span> <span class='ocrx_word' id='word_1_67' title='bbox 1088 1312 1298 1355; x_wconf 79' lang='lat' dir='ltr'>dioceseos</span> <span class='ocrx_word' id='word_1_68' title='bbox 1330 1314 1528 1356; x_wconf 80' lang='lat' dir='ltr'>undecim</span> <span class='ocrx_word' id='word_1_69' title='bbox 1560 1313 1690 1357; x_wconf 79' lang='lat' dir='ltr'>libras</span> <span class='ocrx_word' id='word_1_70' title='bbox 1725 1317 1768 1357; x_wconf 81' lang='lat' dir='ltr'>et</span> <span class='ocrx_word' id='word_1_71' title='bbox 1797 1315 1942 1356; x_wconf 90' lang='lat' dir='ltr'>decem</span> <span class='ocrx_word' id='word_1_72' title='bbox 1973 1315 2128 1358; x_wconf 85' lang='lat' dir='ltr'>solidos</span> 
     </span>
     <span class='ocr_line' id='line_1_12' title="bbox 178 1400 2127 1460; baseline 0.003 -18"><span class='ocrx_word' id='word_1_73' title='bbox 178 1400 481 1457; x_wconf 79' lang='lat' dir='ltr'>sterlingorum</span> <span class='ocrx_word' id='word_1_74' title='bbox 531 1416 606 1457; x_wconf 86' lang='lat' dir='ltr'>pro</span> <span class='ocrx_word' id='word_1_75' title='bbox 657 1402 837 1444; x_wconf 86' lang='lat' dir='ltr'>termino</span> <span class='ocrx_word' id='word_1_76' title='bbox 878 1402 1024 1444; x_wconf 85' lang='lat' dir='ltr'>Sancti</span> <span class='ocrx_word' id='word_1_77' title='bbox 1064 1402 1324 1445; x_wconf 79' lang='lat' dir='ltr'>M1cHAELls</span> <span class='ocrx_word' id='word_1_78' title='bbox 1364 1404 1558 1460; x_wconf 85' lang='lat' dir='ltr'>proximo</span> <span class='ocrx_word' id='word_1_79' title='bbox 1597 1405 1798 1460; x_wconf 80' lang='lat' dir='ltr'>preterito</span> <span class='ocrx_word' id='word_1_80' title='bbox 1839 1411 1937 1447; x_wconf 84' lang='lat' dir='ltr'>ante</span> <span class='ocrx_word' id='word_1_81' title='bbox 1977 1406 2127 1448; x_wconf 82' lang='lat' dir='ltr'>datum</span> 
     </span>
     <span class='ocr_line' id='line_1_13' title="bbox 176 1492 2127 1549; baseline 0.003 -16"><span class='ocrx_word' id='word_1_82' title='bbox 176 1492 440 1546; x_wconf 88' lang='lat' dir='ltr'>presencium</span> <span class='ocrx_word' id='word_1_83' title='bbox 470 1507 546 1548; x_wconf 89' lang='lat' dir='ltr'>pro</span> <span class='ocrx_word' id='word_1_84' title='bbox 576 1495 780 1549; x_wconf 79' lang='lat' dir='ltr'>perpetua</span> <span class='ocrx_word' id='word_1_85' title='bbox 812 1492 933 1535; x_wconf 84' lang='lat' dir='ltr'>firma</span> <span class='ocrx_word' id='word_1_86' title='bbox 961 1493 1230 1536; x_wconf 84' lang='lat' dir='ltr'>ecclesiarum</span> <span class='ocrx_word' id='word_1_87' title='bbox 1258 1495 1310 1536; x_wconf 90' lang='lat' dir='ltr'>de</span> <span class='ocrx_word' id='word_1_88' title='bbox 1338 1494 1569 1537; x_wconf 82' lang='lat' dir='ltr'><strong>KENEFEK</strong></span> <span class='ocrx_word' id='word_1_89' title='bbox 1591 1498 1632 1538; x_wconf 82' lang='lat' dir='ltr'>et</span> <span class='ocrx_word' id='word_1_90' title='bbox 1653 1495 1784 1538; x_wconf 79' lang='lat' dir='ltr'>Novo</span> <span class='ocrx_word' id='word_1_91' title='bbox 1815 1495 1985 1538; x_wconf 77' lang='lat' dir='ltr'>OAsTRo</span> <span class='ocrx_word' id='word_1_92' title='bbox 2016 1495 2127 1538; x_wconf 89' lang='lat' dir='ltr'>dicte</span> 
     </span>
     <span class='ocr_line' id='line_1_14' title="bbox 177 1582 2128 1643; baseline 0.003 -18"><span class='ocrx_word' id='word_1_93' title='bbox 177 1582 499 1626; x_wconf 82' lang='lat' dir='ltr'><strong>LANDAVENSIS</strong></span> <span class='ocrx_word' id='word_1_94' title='bbox 520 1584 741 1627; x_wconf 87' lang='lat' dir='ltr'>dioceseos.</span> <span class='ocrx_word' id='word_1_95' title='bbox 803 1584 858 1627; x_wconf 88' lang='lat' dir='ltr'>In</span> <span class='ocrx_word' id='word_1_96' title='bbox 880 1584 1003 1640; x_wconf 86' lang='lat' dir='ltr'>cujus</span> <span class='ocrx_word' id='word_1_97' title='bbox 1024 1585 1084 1628; x_wconf 88' lang='lat' dir='ltr'>rei</span> <span class='ocrx_word' id='word_1_98' title='bbox 1113 1586 1404 1629; x_wconf 81' lang='lat' dir='ltr'>testimonium</span> <span class='ocrx_word' id='word_1_99' title='bbox 1431 1587 1622 1643; x_wconf 86' lang='lat' dir='ltr'>sigillum</span> <span class='ocrx_word' id='word_1_100' title='bbox 1643 1590 1835 1630; x_wconf 88' lang='lat' dir='ltr'>nostrum</span> <span class='ocrx_word' id='word_1_101' title='bbox 1862 1587 2128 1643; x_wconf 82' lang='lat' dir='ltr'>presentibus</span> 
     </span>
     <span class='ocr_line' id='line_1_15' title="bbox 177 1676 508 1730; baseline 0.003 -14"><span class='ocrx_word' id='word_1_102' title='bbox 177 1676 239 1717; x_wconf 89' lang='lat' dir='ltr'>est</span> <span class='ocrx_word' id='word_1_103' title='bbox 260 1689 508 1730; x_wconf 84' lang='lat' dir='ltr'>appensum.</span> 
     </span>
    </p>

    <p class='ocr_par' dir='ltr' id='par_1_6' title="bbox 177 1765 2125 1913">
     <span class='ocr_line' id='line_1_16' title="bbox 232 1765 2125 1822; baseline 0.003 -15"><span class='ocrx_word' id='word_1_104' title='bbox 232 1765 398 1807; x_wconf 82' lang='lat' dir='ltr'>Datum</span> <span class='ocrx_word' id='word_1_105' title='bbox 427 1766 542 1822; x_wconf 84' lang='lat' dir='ltr'>apud</span> <span class='ocrx_word' id='word_1_106' title='bbox 570 1765 876 1809; x_wconf 78' lang='lat' dir='ltr'><strong>TEUKESBURY</strong></span> <span class='ocrx_word' id='word_1_107' title='bbox 897 1774 1014 1810; x_wconf 77' lang='lat' dir='ltr'>sexto</span> <span class='ocrx_word' id='word_1_108' title='bbox 1042 1769 1111 1810; x_wconf 87' lang='lat' dir='ltr'>die</span> <span class='ocrx_word' id='word_1_109' title='bbox 1135 1769 1291 1811; x_wconf 84' lang='lat' dir='ltr'>mensis</span> <span class='ocrx_word' id='word_1_110' title='bbox 1321 1768 1514 1812; x_wconf 85' lang='lat' dir='ltr'>Octobris</span> <span class='ocrx_word' id='word_1_111' title='bbox 1542 1784 1653 1812; x_wconf 85' lang='lat' dir='ltr'>anno</span> <span class='ocrx_word' id='word_1_112' title='bbox 1683 1769 1870 1813; x_wconf 88' lang='lat' dir='ltr'>Domino</span> <span class='ocrx_word' id='word_1_113' title='bbox 1901 1769 2125 1812; x_wconf 83' lang='lat' dir='ltr'>millesimo</span> 
     </span>
     <span class='ocr_line' id='line_1_17' title="bbox 177 1856 788 1913; baseline 0.003 -16"><span class='ocrx_word' id='word_1_114' title='bbox 177 1862 304 1897; x_wconf 71' lang='lat' dir='ltr'>cccmO·</span> <span class='ocrx_word' id='word_1_115' title='bbox 326 1856 601 1912; x_wconf 86' lang='lat' dir='ltr'>nonagesimo</span> <span class='ocrx_word' id='word_1_116' title='bbox 625 1859 788 1913; x_wconf 82' lang='lat' dir='ltr'>quarto.</span> 
     </span>
    </p>

    <p class='ocr_par' dir='ltr' id='par_1_7' title="bbox 240 1946 2122 2007">
     <span class='ocr_line' id='line_1_18' title="bbox 240 1946 2122 2007; baseline 0.002 -19"><span class='ocrx_word' id='word_1_117' title='bbox 240 1946 349 1989; x_wconf 85' lang='lat' dir='ltr'>Oval</span> <span class='ocrx_word' id='word_1_118' title='bbox 370 1947 468 2000; x_wconf 84' lang='lat' dir='ltr'>seal,</span> <span class='ocrx_word' id='word_1_119' title='bbox 485 1948 559 2000; x_wconf 81' lang='lat' dir='ltr'>red</span> <span class='ocrx_word' id='word_1_120' title='bbox 576 1963 684 2000; x_wconf 85' lang='lat' dir='ltr'><strong>wax,</strong></span> <span class='ocrx_word' id='word_1_121' title='bbox 702 1948 883 2005; x_wconf 87' lang='lat' dir='ltr'>chipped</span> <span class='ocrx_word' id='word_1_122' title='bbox 905 1950 1026 2006; x_wconf 87' lang='lat' dir='ltr'>edge,</span> <span class='ocrx_word' id='word_1_123' title='bbox 1046 1950 1161 2006; x_wconf 47' lang='lat' dir='ltr'>lssin.</span> <span class='ocrx_word' id='word_1_124' title='bbox 1178 1949 1238 2006; x_wconf 82' lang='lat' dir='ltr'>by</span> <span class='ocrx_word' id='word_1_125' title='bbox 1261 1951 1344 1993; x_wconf 89' lang='lat' dir='ltr'>lin.</span> <span class='ocrx_word' id='word_1_126' title='bbox 1397 1949 1453 1993; x_wconf 88' lang='lat' dir='ltr'>In</span> <span class='ocrx_word' id='word_1_127' title='bbox 1474 1966 1499 1992; x_wconf 86' lang='lat' dir='ltr'>a</span> <span class='ocrx_word' id='word_1_128' title='bbox 1519 1950 1655 2003; x_wconf 89' lang='lat' dir='ltr'>niche,</span> <span class='ocrx_word' id='word_1_129' title='bbox 1671 1950 1776 1993; x_wconf 82' lang='lat' dir='ltr'>with</span> <span class='ocrx_word' id='word_1_130' title='bbox 1796 1951 1922 2007; x_wconf 89' lang='lat' dir='ltr'>triple</span> <span class='ocrx_word' id='word_1_131' title='bbox 1944 1966 2122 2007; x_wconf 81' lang='lat' dir='ltr'>canopy,</span> 
     </span>
    </p>
   </div>
   <div class='ocr_carea' id='block_1_6' title="bbox 174 2037 2125 2099">
    <p class='ocr_par' dir='ltr' id='par_1_8' title="bbox 174 2037 2125 2099">
     <span class='ocr_line' id='line_1_19' title="bbox 174 2037 2125 2099; baseline 0.002 -19"><span class='ocrx_word' id='word_1_132' title='bbox 174 2037 248 2081; x_wconf 87' lang='lat' dir='ltr'>the</span> <span class='ocrx_word' id='word_1_133' title='bbox 276 2037 328 2081; x_wconf 89' lang='lat' dir='ltr'>B.</span> <span class='ocrx_word' id='word_1_134' title='bbox 352 2038 407 2082; x_wconf 85' lang='lat' dir='ltr'>V.</span> <span class='ocrx_word' id='word_1_135' title='bbox 430 2038 572 2081; x_wconf 83' lang='lat' dir='ltr'><strong>MARY</strong></span> <span class='ocrx_word' id='word_1_136' title='bbox 593 2040 679 2082; x_wconf 86' lang='lat' dir='ltr'>and</span> <span class='ocrx_word' id='word_1_137' title='bbox 700 2039 841 2089; x_wconf 84' lang='lat' dir='ltr'>Child,</span> <span class='ocrx_word' id='word_1_138' title='bbox 863 2040 968 2083; x_wconf 78' lang='lat' dir='ltr'>with</span> <span class='ocrx_word' id='word_1_139' title='bbox 995 2056 1051 2084; x_wconf 81' lang='lat' dir='ltr'>an</span> <span class='ocrx_word' id='word_1_140' title='bbox 1072 2041 1218 2084; x_wconf 88' lang='lat' dir='ltr'>Abbot-</span> <span class='ocrx_word' id='word_1_141' title='bbox 1243 2042 1446 2098; x_wconf 86' lang='lat' dir='ltr'>kneeling</span> <span class='ocrx_word' id='word_1_142' title='bbox 1473 2041 1618 2085; x_wconf 83' lang='lat' dir='ltr'>before</span> <span class='ocrx_word' id='word_1_143' title='bbox 1642 2041 1761 2084; x_wconf 87' lang='lat' dir='ltr'>them</span> <span class='ocrx_word' id='word_1_144' title='bbox 1782 2043 1868 2084; x_wconf 87' lang='lat' dir='ltr'>and</span> <span class='ocrx_word' id='word_1_145' title='bbox 1892 2042 2073 2099; x_wconf 85' lang='lat' dir='ltr'>holding</span> <span class='ocrx_word' id='word_1_146' title='bbox 2101 2058 2125 2084; x_wconf 84' lang='lat' dir='ltr'>a</span> 
     </span>
    </p>
   </div>
   <div class='ocr_carea' id='block_1_7' title="bbox 176 2128 1721 2232">
    <p class='ocr_par' dir='ltr' id='par_1_9' title="bbox 176 2128 1721 2232">
     <span class='ocr_line' id='line_1_20' title="bbox 176 2128 467 2186; baseline 0.003 -16"><span class='ocrx_word' id='word_1_147' title='bbox 176 2128 281 2184; x_wconf 89' lang='lat' dir='ltr'>long</span> <span class='ocrx_word' id='word_1_148' title='bbox 302 2128 467 2186; x_wconf 72' lang='lat' dir='ltr'>crozier.</span> 
     </span>
     <span class='ocr_line' id='line_1_21' title="bbox 407 2187 1721 2232; baseline 0.003 -4"><span class='ocrx_word' id='word_1_149' title='bbox 407 2199 413 2208; x_wconf 87' lang='lat'><strong>·</strong></span> <span class='ocrx_word' id='word_1_150' title='bbox 589 2187 647 2229; x_wconf 87' lang='lat' dir='ltr'>‘s&#39;</span> <span class='ocrx_word' id='word_1_151' title='bbox 680 2188 887 2231; x_wconf 82' lang='lat' dir='ltr'>SECRETU&#39;</span> <span class='ocrx_word' id='word_1_152' title='bbox 922 2223 930 2230; x_wconf 91' lang='lat'><strong>.</strong></span> <span class='ocrx_word' id='word_1_153' title='bbox 963 2204 1119 2231; x_wconf 86' lang='lat' dir='ltr'>THOME</span> <span class='ocrx_word' id='word_1_154' title='bbox 1152 2223 1160 2231; x_wconf 92' lang='lat'><strong>.</strong></span> <span class='ocrx_word' id='word_1_155' title='bbox 1194 2189 1337 2232; x_wconf 75' lang='lat' dir='ltr'>ABB’Is</span> <span class='ocrx_word' id='word_1_156' title='bbox 1370 2224 1378 2232; x_wconf 88' lang='lat'><strong>.</strong></span> <span class='ocrx_word' id='word_1_157' title='bbox 1410 2190 1721 2232; x_wconf 77' lang='lat' dir='ltr'>TEUKESBUR’.&#39;</span> 
     </span>
    </p>
   </div>
   <div class='ocr_carea' id='block_1_8' title="bbox 1045 2381 1272 2424">
    <p class='ocr_par' dir='ltr' id='par_1_10' title="bbox 1045 2381 1272 2424">
     <span class='ocr_line' id='line_1_22' title="bbox 1045 2381 1272 2424; baseline 0.004 -1"><span class='ocrx_word' id='word_1_158' title='bbox 1045 2381 1272 2424; x_wconf 89' lang='lat' dir='ltr'>MLXIX.</span> 
     </span>
    </p>
   </div>
   <div class='ocr_carea' id='block_1_9' title="bbox 180 2484 2128 2714">
    <p class='ocr_par' dir='ltr' id='par_1_11' title="bbox 180 2484 2128 2714">
     <span class='ocr_line' id='line_1_23' title="bbox 180 2484 2125 2542; baseline 0.003 -15"><span class='ocrx_word' id='word_1_159' title='bbox 180 2484 396 2528; x_wconf 87' lang='lat' dir='ltr'><strong>ROYAL</strong></span> <span class='ocrx_word' id='word_1_160' title='bbox 437 2485 608 2529; x_wconf 78' lang='lat' dir='ltr'>WRIT</span> <span class='ocrx_word' id='word_1_161' title='bbox 658 2486 734 2530; x_wconf 89' lang='grc' dir='ltr'>ΤΟ</span> <span class='ocrx_word' id='word_1_162' title='bbox 785 2487 915 2530; x_wconf 80' lang='lat' dir='ltr'>THE</span> <span class='ocrx_word' id='word_1_163' title='bbox 967 2488 1352 2542; x_wconf 79' lang='lat' dir='ltr'><strong>ESOHEATOR,</strong></span> <span class='ocrx_word' id='word_1_164' title='bbox 1393 2489 1527 2533; x_wconf 87' lang='lat' dir='ltr'>AND</span> <span class='ocrx_word' id='word_1_165' title='bbox 1570 2489 1678 2533; x_wconf 81' lang='lat' dir='ltr'>HIS</span> <span class='ocrx_word' id='word_1_166' title='bbox 1721 2489 1985 2533; x_wconf 80' lang='lat' dir='ltr'>RETURN</span> <span class='ocrx_word' id='word_1_167' title='bbox 2035 2490 2125 2534; x_wconf 88' lang='lat' dir='ltr'>IN-</span> 
     </span>
     <span class='ocr_line' id='line_1_24' title="bbox 327 2576 2128 2634; baseline 0.001 -11"><span class='ocrx_word' id='word_1_168' title='bbox 327 2576 656 2623; x_wconf 76' lang='lat' dir='ltr'>QUISITION</span> <span class='ocrx_word' id='word_1_169' title='bbox 725 2578 935 2623; x_wconf 82' lang='lat' dir='ltr'><strong>AFTER</strong></span> <span class='ocrx_word' id='word_1_170' title='bbox 989 2580 1119 2623; x_wconf 84' lang='lat' dir='ltr'>THE</span> <span class='ocrx_word' id='word_1_171' title='bbox 1179 2580 1399 2623; x_wconf 80' lang='lat' dir='ltr'><strong>DEATH</strong></span> <span class='ocrx_word' id='word_1_172' title='bbox 1461 2580 1539 2623; x_wconf 90' lang='lat' dir='ltr'>OF</span> <span class='ocrx_word' id='word_1_173' title='bbox 1599 2581 1773 2634; x_wconf 82' lang='lat' dir='ltr'><strong>JOAN,</strong></span> <span class='ocrx_word' id='word_1_174' title='bbox 1829 2581 1996 2625; x_wconf 88' lang='lat' dir='ltr'><strong>WIFE</strong></span> <span class='ocrx_word' id='word_1_175' title='bbox 2050 2581 2128 2624; x_wconf 93' lang='lat' dir='ltr'>OF</span> 
     </span>
     <span class='ocr_line' id='line_1_25' title="bbox 327 2667 984 2714; baseline 0.006 -4"><span class='ocrx_word' id='word_1_176' title='bbox 327 2667 557 2711; x_wconf 84' lang='lat' dir='ltr'><strong>HENRY</strong></span> <span class='ocrx_word' id='word_1_177' title='bbox 595 2668 984 2714; x_wconf 62' lang='grc' dir='ltr'>(ΞὶΒΕῩΝΒΠΗ.1</span> 
     </span>
    </p>
   </div>
   <div class='ocr_carea' id='block_1_10' title="bbox 506 2767 2068 2915">
    <p class='ocr_par' dir='ltr' id='par_1_12' title="bbox 506 2767 2068 2915">
     <span class='ocr_line' id='line_1_26' title="bbox 506 2767 1802 2829; baseline 0.003 -18"><span class='ocrx_word' id='word_1_178' title='bbox 506 2767 777 2825; x_wconf 74' lang='lat' dir='ltr'>[CHANCERY</span> <span class='ocrx_word' id='word_1_179' title='bbox 812 2769 986 2815; x_wconf 77' lang='lat' dir='ltr'>INoms.</span> <span class='ocrx_word' id='word_1_180' title='bbox 1023 2770 1071 2813; x_wconf 90' lang='lat' dir='ltr'>P.</span> <span class='ocrx_word' id='word_1_181' title='bbox 1108 2771 1169 2813; x_wconf 91' lang='lat' dir='ltr'>M.</span> <span class='ocrx_word' id='word_1_182' title='bbox 1207 2773 1272 2814; x_wconf 82' lang='lat'>18.</span> <span class='ocrx_word' id='word_1_183' title='bbox 1336 2771 1432 2814; x_wconf 77' lang='lat' dir='ltr'>Rm.</span> <span class='ocrx_word' id='word_1_184' title='bbox 1465 2771 1529 2814; x_wconf 93' lang='lat' dir='ltr'>II.</span> <span class='ocrx_word' id='word_1_185' title='bbox 1591 2771 1676 2815; x_wconf 90' lang='lat' dir='ltr'>No.</span> <span class='ocrx_word' id='word_1_186' title='bbox 1712 2771 1802 2829; x_wconf 85' lang='lat'><strong>19.]</strong></span> 
     </span>
     <span class='ocr_line' id='line_1_27' title="bbox 1019 2871 2068 2915; baseline 0.002 -3"><span class='ocrx_word' id='word_1_187' title='bbox 1019 2872 1073 2912; x_wconf 82' lang='lat'>25</span> <span class='ocrx_word' id='word_1_188' title='bbox 1105 2871 1214 2914; x_wconf 81' lang='lat' dir='ltr'><strong>JAN.</strong></span> <span class='ocrx_word' id='word_1_189' title='bbox 1245 2885 1337 2913; x_wconf 84' lang='lat' dir='ltr'>AND</span> <span class='ocrx_word' id='word_1_190' title='bbox 1369 2874 1394 2913; x_wconf 84' lang='lat'><strong>4</strong></span> <span class='ocrx_word' id='word_1_191' title='bbox 1427 2871 1536 2913; x_wconf 77' lang='lat' dir='ltr'><strong>FEB.</strong></span> <span class='ocrx_word' id='word_1_192' title='bbox 1601 2873 1654 2913; x_wconf 80' lang='grc'>18</span> <span class='ocrx_word' id='word_1_193' title='bbox 1687 2871 1783 2915; x_wconf 83' lang='lat' dir='ltr'>R1c.</span> <span class='ocrx_word' id='word_1_194' title='bbox 1816 2871 1882 2914; x_wconf 87' lang='lat' dir='ltr'>II.</span> <span class='ocrx_word' id='word_1_195' title='bbox 1946 2872 2068 2914; x_wconf 76' lang='lat'>1395.</span> 
     </span>
    </p>
   </div>
   <div class='ocr_carea' id='block_1_11' title="bbox 243 2964 2130 3023">
    <p class='ocr_par' dir='ltr' id='par_1_13' title="bbox 243 2964 2130 3023">
     <span class='ocr_line' id='line_1_28' title="bbox 243 2964 2130 3023; baseline 0.003 -16"><span class='ocrx_word' id='word_1_196' title='bbox 243 2964 474 3008; x_wconf 76' lang='lat' dir='ltr'><strong>RchRDUS</strong></span> <span class='ocrx_word' id='word_1_197' title='bbox 504 2966 590 3009; x_wconf 87' lang='lat' dir='ltr'>Dei</span> <span class='ocrx_word' id='word_1_198' title='bbox 610 2967 749 3023; x_wconf 81' lang='lat' dir='ltr'>gratia</span> <span class='ocrx_word' id='word_1_199' title='bbox 770 2967 867 3010; x_wconf 80' lang='lat' dir='ltr'>Rex</span> <span class='ocrx_word' id='word_1_200' title='bbox 888 2969 1072 3012; x_wconf 69' lang='lat' dir='ltr'><strong>ANGLOE</strong></span> <span class='ocrx_word' id='word_1_201' title='bbox 1093 2974 1135 3012; x_wconf 83' lang='lat' dir='ltr'>et</span> <span class='ocrx_word' id='word_1_202' title='bbox 1160 2970 1366 3012; x_wconf 80' lang='lat' dir='ltr'><strong>FRANCIE</strong></span> <span class='ocrx_word' id='word_1_203' title='bbox 1387 2973 1430 3012; x_wconf 86' lang='lat' dir='ltr'>et</span> <span class='ocrx_word' id='word_1_204' title='bbox 1450 2970 1648 3014; x_wconf 88' lang='lat' dir='ltr'>dominus</span> <span class='ocrx_word' id='word_1_205' title='bbox 1669 2970 1909 3013; x_wconf 79' lang='lat' dir='ltr'><strong>HIBERNIE</strong></span> <span class='ocrx_word' id='word_1_206' title='bbox 1931 2971 2130 3014; x_wconf 82' lang='lat' dir='ltr'>escaetori</span> 
     </span>
    </p>
   </div>
   <div class='ocr_carea' id='block_1_12' title="bbox 184 3057 2127 3118">
    <p class='ocr_par' dir='ltr' id='par_1_14' title="bbox 184 3057 2127 3118">
     <span class='ocr_line' id='line_1_29' title="bbox 184 3057 2127 3118; baseline 0.002 -20"><span class='ocrx_word' id='word_1_207' title='bbox 184 3070 259 3099; x_wconf 86' lang='lat' dir='ltr'>suo</span> <span class='ocrx_word' id='word_1_208' title='bbox 294 3057 340 3098; x_wconf 88' lang='lat' dir='ltr'>in</span> <span class='ocrx_word' id='word_1_209' title='bbox 376 3057 579 3100; x_wconf 82' lang='lat' dir='ltr'>comitatu</span> <span class='ocrx_word' id='word_1_210' title='bbox 613 3057 871 3102; x_wconf 83' lang='lat' dir='ltr'>WYGORNIE</span> <span class='ocrx_word' id='word_1_211' title='bbox 905 3061 1098 3104; x_wconf 78' lang='lat' dir='ltr'>salutem.</span> <span class='ocrx_word' id='word_1_212' title='bbox 1161 3061 1275 3108; x_wconf 78' lang='lat' dir='ltr'>Quia</span> <span class='ocrx_word' id='word_1_213' title='bbox 1307 3061 1528 3105; x_wconf 79' lang='lat' dir='ltr'><strong>JOHANNA</strong></span> <span class='ocrx_word' id='word_1_214' title='bbox 1558 3076 1639 3118; x_wconf 90' lang='lat' dir='ltr'>que</span> <span class='ocrx_word' id='word_1_215' title='bbox 1671 3061 1756 3104; x_wconf 76' lang='lat' dir='ltr'>fuit</span> <span class='ocrx_word' id='word_1_216' title='bbox 1785 3076 1893 3104; x_wconf 80' lang='lat' dir='ltr'>uxor</span> <span class='ocrx_word' id='word_1_217' title='bbox 1923 3060 2127 3104; x_wconf 81' lang='lat' dir='ltr'>HENRICI</span> 
     </span>
    </p>
   </div>
  </div>
 </body>
</html>
