<?xml version="1.0" encoding="UTF-8"?>
<!DOCTYPE html PUBLIC "-//W3C//DTD XHTML 1.0 Transitional//EN"
    "http://www.w3.org/TR/xhtml1/DTD/xhtml1-transitional.dtd">
<html xmlns="http://www.w3.org/1999/xhtml" xml:lang="en" lang="en">
 <head>
  <title>
</title>
<meta http-equiv="Content-Type" content="text/html;charset=utf-8" />
  <meta name='ocr-system' content='tesseract 3.04.00' />
  <meta name='ocr-capabilities' content='ocr_page ocr_carea ocr_par ocr_line ocrx_word'/>
</head>
<body>
  <div class='ocr_page' id='page_1' title='image "./cartaeetaliamuni04claruoft_0502.png"; bbox 0 0 2386 3645; ppageno 0'>
   <div class='ocr_carea' id='block_1_1' title="bbox 295 257 405 298">
    <p class='ocr_par' dir='ltr' id='par_1_1' title="bbox 295 257 405 298">
     <span class='ocr_line' id='line_1_1' title="bbox 295 257 405 298; baseline 0 0"><span class='ocrx_word' id='word_1_1' title='bbox 295 257 405 298; x_wconf 84' lang='lat'>1578</span> 
     </span>
    </p>
   </div>
   <div class='ocr_carea' id='block_1_2' title="bbox 229 458 2190 1970">
    <p class='ocr_par' dir='ltr' id='par_1_2' title="bbox 229 458 2190 1970">
     <span class='ocr_line' id='line_1_2' title="bbox 229 458 2178 514; baseline -0.002 -9"><span class='ocrx_word' id='word_1_2' title='bbox 229 462 420 505; x_wconf 87' lang='lat' dir='ltr'>indebita</span> <span class='ocrx_word' id='word_1_3' title='bbox 441 477 515 505; x_wconf 89' lang='lat' dir='ltr'>seu</span> <span class='ocrx_word' id='word_1_4' title='bbox 534 461 678 504; x_wconf 91' lang='lat' dir='ltr'>minus</span> <span class='ocrx_word' id='word_1_5' title='bbox 697 476 796 503; x_wconf 90' lang='lat' dir='ltr'>vera</span> <span class='ocrx_word' id='word_1_6' title='bbox 812 463 886 502; x_wconf 87' lang='lat' dir='ltr'>aut</span> <span class='ocrx_word' id='word_1_7' title='bbox 906 460 1066 502; x_wconf 85' lang='lat' dir='ltr'>incerta</span> <span class='ocrx_word' id='word_1_8' title='bbox 1086 459 1334 501; x_wconf 78' lang='lat' dir='ltr'>recitacione</span> <span class='ocrx_word' id='word_1_9' title='bbox 1350 458 1600 514; x_wconf 79' lang='lat' dir='ltr'>excepcione</span> <span class='ocrx_word' id='word_1_10' title='bbox 1620 472 1695 500; x_wconf 88' lang='lat' dir='ltr'>seu</span> <span class='ocrx_word' id='word_1_11' title='bbox 1715 458 1938 500; x_wconf 88' lang='lat' dir='ltr'>omissione</span> <span class='ocrx_word' id='word_1_12' title='bbox 1958 458 2005 500; x_wconf 86' lang='lat' dir='ltr'>in</span> <span class='ocrx_word' id='word_1_13' title='bbox 2024 458 2178 501; x_wconf 89' lang='lat' dir='ltr'>litteris</span> 
     </span>
     <span class='ocr_line' id='line_1_3' title="bbox 232 546 2180 609; baseline -0.003 -14"><span class='ocrx_word' id='word_1_14' title='bbox 232 554 386 596; x_wconf 89' lang='lat' dir='ltr'>nostris</span> <span class='ocrx_word' id='word_1_15' title='bbox 420 552 621 609; x_wconf 77' lang='lat' dir='ltr'>predictis</span> <span class='ocrx_word' id='word_1_16' title='bbox 656 567 729 594; x_wconf 90' lang='lat' dir='ltr'>seu</span> <span class='ocrx_word' id='word_1_17' title='bbox 764 552 908 606; x_wconf 85' lang='lat' dir='ltr'>aliqua</span> <span class='ocrx_word' id='word_1_18' title='bbox 942 551 1150 606; x_wconf 85' lang='lat' dir='ltr'>particula</span> <span class='ocrx_word' id='word_1_19' title='bbox 1186 550 1417 591; x_wconf 89' lang='lat' dir='ltr'>earundem</span> <span class='ocrx_word' id='word_1_20' title='bbox 1451 546 1578 600; x_wconf 79' lang='lat' dir='ltr'>facta,</span> <span class='ocrx_word' id='word_1_21' title='bbox 1615 563 1688 590; x_wconf 87' lang='lat' dir='ltr'>seu</span> <span class='ocrx_word' id='word_1_22' title='bbox 1715 551 1875 590; x_wconf 87' lang='lat' dir='ltr'>statuto</span> <span class='ocrx_word' id='word_1_23' title='bbox 1911 549 2180 591; x_wconf 81' lang='lat' dir='ltr'>ordinacione</span> 
     </span>
     <span class='ocr_line' id='line_1_4' title="bbox 232 639 2179 699; baseline -0.002 -13"><span class='ocrx_word' id='word_1_24' title='bbox 232 644 470 699; x_wconf 81' lang='lat' dir='ltr'>provisione</span> <span class='ocrx_word' id='word_1_25' title='bbox 502 643 588 685; x_wconf 89' lang='lat' dir='ltr'>sive</span> <span class='ocrx_word' id='word_1_26' title='bbox 619 646 717 685; x_wconf 91' lang='lat' dir='ltr'>actu</span> <span class='ocrx_word' id='word_1_27' title='bbox 746 645 846 683; x_wconf 85' lang='lat' dir='ltr'>ante</span> <span class='ocrx_word' id='word_1_28' title='bbox 876 641 953 683; x_wconf 90' lang='lat' dir='ltr'>hec</span> <span class='ocrx_word' id='word_1_29' title='bbox 982 644 1172 696; x_wconf 86' lang='lat' dir='ltr'>tempora</span> <span class='ocrx_word' id='word_1_30' title='bbox 1202 641 1316 682; x_wconf 81' lang='lat' dir='ltr'>facto</span> <span class='ocrx_word' id='word_1_31' title='bbox 1347 640 1460 682; x_wconf 90' lang='lat' dir='ltr'>edito</span> <span class='ocrx_word' id='word_1_32' title='bbox 1492 640 1559 681; x_wconf 88' lang='lat' dir='ltr'>vel</span> <span class='ocrx_word' id='word_1_33' title='bbox 1589 639 1756 694; x_wconf 89' lang='lat' dir='ltr'>proviso</span> <span class='ocrx_word' id='word_1_34' title='bbox 1786 642 1861 682; x_wconf 89' lang='lat' dir='ltr'>aut</span> <span class='ocrx_word' id='word_1_35' title='bbox 1881 639 2025 694; x_wconf 88' lang='lat' dir='ltr'>aliqua</span> <span class='ocrx_word' id='word_1_36' title='bbox 2054 655 2179 682; x_wconf 86' lang='lat' dir='ltr'>causa</span> 
     </span>
     <span class='ocr_line' id='line_1_5' title="bbox 233 729 2182 789; baseline -0.002 -12"><span class='ocrx_word' id='word_1_37' title='bbox 233 735 411 777; x_wconf 87' lang='lat' dir='ltr'>materia</span> <span class='ocrx_word' id='word_1_38' title='bbox 432 750 506 776; x_wconf 89' lang='lat' dir='ltr'>seu</span> <span class='ocrx_word' id='word_1_39' title='bbox 525 749 571 776; x_wconf 87' lang='lat' dir='ltr'>re</span> <span class='ocrx_word' id='word_1_40' title='bbox 591 748 841 789; x_wconf 89' lang='lat' dir='ltr'>quacunque</span> <span class='ocrx_word' id='word_1_41' title='bbox 872 747 947 788; x_wconf 88' lang='lat' dir='ltr'>per</span> <span class='ocrx_word' id='word_1_42' title='bbox 977 731 1111 773; x_wconf 90' lang='lat' dir='ltr'>dictos</span> <span class='ocrx_word' id='word_1_43' title='bbox 1141 731 1334 773; x_wconf 90' lang='lat' dir='ltr'>dominos</span> <span class='ocrx_word' id='word_1_44' title='bbox 1364 731 1416 772; x_wconf 88' lang='lat' dir='ltr'>de</span> <span class='ocrx_word' id='word_1_45' title='bbox 1446 729 1669 772; x_wconf 81' lang='lat' dir='ltr'>OGEMORE</span> <span class='ocrx_word' id='word_1_46' title='bbox 1699 730 1990 785; x_wconf 80' lang='lat' dir='ltr'>progenitores</span> <span class='ocrx_word' id='word_1_47' title='bbox 2018 733 2182 773; x_wconf 88' lang='lat' dir='ltr'>nostros</span> 
     </span>
     <span class='ocr_line' id='line_1_6' title="bbox 232 820 2182 881; baseline -0.002 -13"><span class='ocrx_word' id='word_1_48' title='bbox 232 826 318 868; x_wconf 89' lang='lat' dir='ltr'>sive</span> <span class='ocrx_word' id='word_1_49' title='bbox 339 841 415 881; x_wconf 89' lang='lat' dir='ltr'>per</span> <span class='ocrx_word' id='word_1_50' title='bbox 435 840 512 867; x_wconf 88' lang='lat' dir='ltr'>nos</span> <span class='ocrx_word' id='word_1_51' title='bbox 531 825 750 867; x_wconf 75' lang='lat' dir='ltr'>retroactis</span> <span class='ocrx_word' id='word_1_52' title='bbox 770 822 1030 878; x_wconf 73' lang='lat' dir='ltr'>temporibus</span> <span class='ocrx_word' id='word_1_53' title='bbox 1051 821 1197 864; x_wconf 84' lang='lat' dir='ltr'>habita</span> <span class='ocrx_word' id='word_1_54' title='bbox 1222 837 1309 863; x_wconf 93' lang='lat' dir='ltr'>non</span> <span class='ocrx_word' id='word_1_55' title='bbox 1339 821 1533 863; x_wconf 82' lang='lat' dir='ltr'>obstante</span> <span class='ocrx_word' id='word_1_56' title='bbox 1566 855 1575 863; x_wconf 93' lang='lat'><strong>.</strong></span> <span class='ocrx_word' id='word_1_57' title='bbox 1609 820 1847 862; x_wconf 91' lang='lat' dir='ltr'>Reddendo</span> <span class='ocrx_word' id='word_1_58' title='bbox 1867 821 1968 862; x_wconf 89' lang='lat' dir='ltr'>inde</span> <span class='ocrx_word' id='word_1_59' title='bbox 1988 821 2110 864; x_wconf 89' lang='lat' dir='ltr'>nobis</span> <span class='ocrx_word' id='word_1_60' title='bbox 2139 825 2182 864; x_wconf 86' lang='lat' dir='ltr'>et</span> 
     </span>
     <span class='ocr_line' id='line_1_7' title="bbox 232 911 2180 968; baseline -0.002 -10"><span class='ocrx_word' id='word_1_61' title='bbox 232 916 458 958; x_wconf 87' lang='lat' dir='ltr'>heredibus</span> <span class='ocrx_word' id='word_1_62' title='bbox 494 916 648 958; x_wconf 86' lang='lat' dir='ltr'>nostris</span> <span class='ocrx_word' id='word_1_63' title='bbox 683 914 866 956; x_wconf 89' lang='lat' dir='ltr'>dominis</span> <span class='ocrx_word' id='word_1_64' title='bbox 898 915 950 955; x_wconf 89' lang='lat' dir='ltr'>de</span> <span class='ocrx_word' id='word_1_65' title='bbox 986 913 1209 955; x_wconf 78' lang='lat' dir='ltr'>OGEMORE</span> <span class='ocrx_word' id='word_1_66' title='bbox 1247 911 1532 967; x_wconf 88' lang='lat' dir='ltr'>quadraginta</span> <span class='ocrx_word' id='word_1_67' title='bbox 1572 911 1726 953; x_wconf 89' lang='lat' dir='ltr'>solidos</span> <span class='ocrx_word' id='word_1_68' title='bbox 1765 911 1991 953; x_wconf 81' lang='lat' dir='ltr'>annuatim</span> <span class='ocrx_word' id='word_1_69' title='bbox 2027 912 2180 968; x_wconf 88' lang='lat' dir='ltr'>imper-</span> 
     </span>
     <span class='ocr_line' id='line_1_8' title="bbox 231 1001 2184 1063; baseline -0.002 -14"><span class='ocrx_word' id='word_1_70' title='bbox 231 1011 410 1063; x_wconf 82' lang='lat' dir='ltr'>petuum</span> <span class='ocrx_word' id='word_1_71' title='bbox 450 1021 526 1062; x_wconf 91' lang='lat' dir='ltr'>pro</span> <span class='ocrx_word' id='word_1_72' title='bbox 567 1005 820 1047; x_wconf 81' lang='lat' dir='ltr'>omnimodis</span> <span class='ocrx_word' id='word_1_73' title='bbox 860 1003 1044 1046; x_wconf 87' lang='lat' dir='ltr'>serviciis</span> <span class='ocrx_word' id='word_1_74' title='bbox 1083 1002 1288 1045; x_wconf 86' lang='lat' dir='ltr'>custumis</span> <span class='ocrx_word' id='word_1_75' title='bbox 1327 1005 1370 1044; x_wconf 91' lang='lat' dir='ltr'>et</span> <span class='ocrx_word' id='word_1_76' title='bbox 1409 1001 1649 1044; x_wconf 83' lang='lat' dir='ltr'>accionibus</span> <span class='ocrx_word' id='word_1_77' title='bbox 1691 1036 1698 1043; x_wconf 94' lang='lat'><em>.</em></span> <span class='ocrx_word' id='word_1_78' title='bbox 1738 1001 1875 1044; x_wconf 84' lang='lat' dir='ltr'>Salvis</span> <span class='ocrx_word' id='word_1_79' title='bbox 1915 1003 2106 1045; x_wconf 85' lang='lat' dir='ltr'>custodia</span> <span class='ocrx_word' id='word_1_80' title='bbox 2141 1006 2184 1046; x_wconf 91' lang='lat' dir='ltr'>et</span> 
     </span>
     <span class='ocr_line' id='line_1_9' title="bbox 232 1094 2184 1154; baseline -0.002 -14"><span class='ocrx_word' id='word_1_81' title='bbox 232 1098 429 1154; x_wconf 89' lang='lat' dir='ltr'>proficuis</span> <span class='ocrx_word' id='word_1_82' title='bbox 464 1097 674 1139; x_wconf 87' lang='lat' dir='ltr'>dictorum</span> <span class='ocrx_word' id='word_1_83' title='bbox 704 1096 914 1138; x_wconf 88' lang='lat' dir='ltr'>dictorum</span> <span class='ocrx_word' id='word_1_84' title='bbox 943 1109 1165 1136; x_wconf 88' lang='lat' dir='ltr'>nemorum</span> <span class='ocrx_word' id='word_1_85' title='bbox 1196 1094 1343 1135; x_wconf 89' lang='lat' dir='ltr'>eodem</span> <span class='ocrx_word' id='word_1_86' title='bbox 1374 1094 1500 1135; x_wconf 91' lang='lat' dir='ltr'>modo</span> <span class='ocrx_word' id='word_1_87' title='bbox 1530 1096 1657 1148; x_wconf 88' lang='lat' dir='ltr'>prout</span> <span class='ocrx_word' id='word_1_88' title='bbox 1685 1096 1896 1135; x_wconf 86' lang='lat' dir='ltr'>reservata</span> <span class='ocrx_word' id='word_1_89' title='bbox 1925 1094 2101 1136; x_wconf 78' lang='lat' dir='ltr'>fuerunt</span> <span class='ocrx_word' id='word_1_90' title='bbox 2129 1095 2184 1136; x_wconf 89' lang='lat' dir='ltr'>ad</span> 
     </span>
     <span class='ocr_line' id='line_1_10' title="bbox 231 1183 2184 1245; baseline -0.002 -14"><span class='ocrx_word' id='word_1_91' title='bbox 231 1190 414 1245; x_wconf 87' lang='lat' dir='ltr'>primam</span> <span class='ocrx_word' id='word_1_92' title='bbox 435 1188 711 1230; x_wconf 85' lang='lat' dir='ltr'>donacionem</span> <span class='ocrx_word' id='word_1_93' title='bbox 731 1201 806 1242; x_wconf 88' lang='lat' dir='ltr'>per</span> <span class='ocrx_word' id='word_1_94' title='bbox 825 1185 1042 1241; x_wconf 82' lang='lat' dir='ltr'>prefatum</span> <span class='ocrx_word' id='word_1_95' title='bbox 1063 1184 1364 1227; x_wconf 79' lang='lat' dir='ltr'>WILLELMUM</span> <span class='ocrx_word' id='word_1_96' title='bbox 1393 1183 1598 1225; x_wconf 81' lang='lat' dir='ltr'>LONDoN&#39;</span> <span class='ocrx_word' id='word_1_97' title='bbox 1621 1183 1791 1226; x_wconf 79' lang='lat' dir='ltr'>factam.</span> <span class='ocrx_word' id='word_1_98' title='bbox 1854 1184 2019 1226; x_wconf 90' lang='lat' dir='ltr'>Damus</span> <span class='ocrx_word' id='word_1_99' title='bbox 2040 1188 2184 1228; x_wconf 88' lang='lat' dir='ltr'>autem</span> 
     </span>
     <span class='ocr_line' id='line_1_11' title="bbox 230 1274 2184 1334; baseline -0.002 -12"><span class='ocrx_word' id='word_1_100' title='bbox 230 1279 436 1322; x_wconf 89' lang='lat' dir='ltr'>universis</span> <span class='ocrx_word' id='word_1_101' title='bbox 457 1282 498 1321; x_wconf 90' lang='lat' dir='ltr'>et</span> <span class='ocrx_word' id='word_1_102' title='bbox 526 1278 706 1334; x_wconf 87' lang='lat' dir='ltr'>singulis</span> <span class='ocrx_word' id='word_1_103' title='bbox 735 1276 941 1318; x_wconf 86' lang='lat' dir='ltr'>ministris</span> <span class='ocrx_word' id='word_1_104' title='bbox 972 1278 1014 1318; x_wconf 88' lang='lat' dir='ltr'>et</span> <span class='ocrx_word' id='word_1_105' title='bbox 1044 1276 1168 1331; x_wconf 88' lang='lat' dir='ltr'>ligeis</span> <span class='ocrx_word' id='word_1_106' title='bbox 1198 1275 1352 1317; x_wconf 88' lang='lat' dir='ltr'>nostris</span> <span class='ocrx_word' id='word_1_107' title='bbox 1383 1274 1717 1330; x_wconf 86' lang='lat' dir='ltr'>quibuscumque</span> <span class='ocrx_word' id='word_1_108' title='bbox 1747 1277 1893 1317; x_wconf 90' lang='lat' dir='ltr'>tenore</span> <span class='ocrx_word' id='word_1_109' title='bbox 1923 1277 2184 1331; x_wconf 85' lang='lat' dir='ltr'>presentium</span> 
     </span>
     <span class='ocr_line' id='line_1_12' title="bbox 231 1365 2186 1423; baseline -0.002 -11"><span class='ocrx_word' id='word_1_110' title='bbox 231 1370 408 1412; x_wconf 88' lang='lat' dir='ltr'>firmiter</span> <span class='ocrx_word' id='word_1_111' title='bbox 428 1370 474 1411; x_wconf 90' lang='lat' dir='ltr'>in</span> <span class='ocrx_word' id='word_1_112' title='bbox 493 1368 707 1411; x_wconf 85' lang='lat' dir='ltr'>mandatis</span> <span class='ocrx_word' id='word_1_113' title='bbox 727 1368 841 1423; x_wconf 89' lang='lat' dir='ltr'>quod</span> <span class='ocrx_word' id='word_1_114' title='bbox 861 1367 973 1423; x_wconf 90' lang='lat' dir='ltr'>ipsos</span> <span class='ocrx_word' id='word_1_115' title='bbox 1003 1381 1118 1408; x_wconf 90' lang='lat' dir='ltr'>nunc</span> <span class='ocrx_word' id='word_1_116' title='bbox 1148 1365 1346 1407; x_wconf 83' lang='lat' dir='ltr'>abbatem</span> <span class='ocrx_word' id='word_1_117' title='bbox 1377 1369 1419 1407; x_wconf 89' lang='lat' dir='ltr'>et</span> <span class='ocrx_word' id='word_1_118' title='bbox 1450 1368 1706 1407; x_wconf 86' lang='lat' dir='ltr'>conventum</span> <span class='ocrx_word' id='word_1_119' title='bbox 1736 1369 1778 1407; x_wconf 87' lang='lat' dir='ltr'>et</span> <span class='ocrx_word' id='word_1_120' title='bbox 1809 1380 2060 1408; x_wconf 87' lang='lat' dir='ltr'>successores</span> <span class='ocrx_word' id='word_1_121' title='bbox 2089 1381 2186 1409; x_wconf 84' lang='lat' dir='ltr'>suos</span> 
     </span>
     <span class='ocr_line' id='line_1_13' title="bbox 231 1456 2186 1515; baseline -0.002 -12"><span class='ocrx_word' id='word_1_122' title='bbox 231 1464 377 1512; x_wconf 85' lang='lat' dir='ltr'>terras,</span> <span class='ocrx_word' id='word_1_123' title='bbox 409 1464 502 1511; x_wconf 72' lang='lat' dir='ltr'>etc,</span> <span class='ocrx_word' id='word_1_124' title='bbox 535 1463 627 1511; x_wconf 87' lang='lat' dir='ltr'>etc.,</span> <span class='ocrx_word' id='word_1_125' title='bbox 660 1459 848 1515; x_wconf 87' lang='lat' dir='ltr'>predicta</span> <span class='ocrx_word' id='word_1_126' title='bbox 868 1473 964 1500; x_wconf 91' lang='lat' dir='ltr'>cum</span> <span class='ocrx_word' id='word_1_127' title='bbox 984 1457 1256 1513; x_wconf 88' lang='lat' dir='ltr'>pertinenciis</span> <span class='ocrx_word' id='word_1_128' title='bbox 1286 1472 1373 1498; x_wconf 87' lang='lat' dir='ltr'>una</span> <span class='ocrx_word' id='word_1_129' title='bbox 1394 1471 1490 1498; x_wconf 90' lang='lat' dir='ltr'>cum</span> <span class='ocrx_word' id='word_1_130' title='bbox 1518 1456 1702 1498; x_wconf 78' lang='lat' dir='ltr'>exitibus</span> <span class='ocrx_word' id='word_1_131' title='bbox 1732 1459 1775 1498; x_wconf 90' lang='lat' dir='ltr'>et</span> <span class='ocrx_word' id='word_1_132' title='bbox 1804 1457 2002 1512; x_wconf 86' lang='lat' dir='ltr'>proficuis</span> <span class='ocrx_word' id='word_1_133' title='bbox 2029 1457 2129 1499; x_wconf 89' lang='lat' dir='ltr'>inde</span> <span class='ocrx_word' id='word_1_134' title='bbox 2160 1473 2186 1500; x_wconf 86' lang='lat' dir='ltr'>a</span> 
     </span>
     <span class='ocr_line' id='line_1_14' title="bbox 230 1546 2184 1608; baseline -0.002 -14"><span class='ocrx_word' id='word_1_135' title='bbox 230 1552 419 1608; x_wconf 77' lang='lat' dir='ltr'>predicto</span> <span class='ocrx_word' id='word_1_136' title='bbox 450 1551 646 1594; x_wconf 87' lang='lat' dir='ltr'>vicesimo</span> <span class='ocrx_word' id='word_1_137' title='bbox 677 1553 824 1592; x_wconf 87' lang='lat' dir='ltr'>octavo</span> <span class='ocrx_word' id='word_1_138' title='bbox 856 1549 923 1590; x_wconf 88' lang='lat' dir='ltr'>die</span> <span class='ocrx_word' id='word_1_139' title='bbox 964 1548 1129 1604; x_wconf 83' lang='lat' dir='ltr'>Aprilis</span> <span class='ocrx_word' id='word_1_140' title='bbox 1169 1546 1515 1603; x_wconf 86' lang='lat' dir='ltr'>provenientibus</span> <span class='ocrx_word' id='word_1_141' title='bbox 1554 1546 1709 1589; x_wconf 86' lang='lat' dir='ltr'>habere</span> <span class='ocrx_word' id='word_1_142' title='bbox 1751 1548 1936 1603; x_wconf 88' lang='lat' dir='ltr'>gaudere</span> <span class='ocrx_word' id='word_1_143' title='bbox 1968 1550 2009 1590; x_wconf 91' lang='lat' dir='ltr'>et</span> <span class='ocrx_word' id='word_1_144' title='bbox 2040 1551 2184 1591; x_wconf 89' lang='lat' dir='ltr'>tenere</span> 
     </span>
     <span class='ocr_line' id='line_1_15' title="bbox 236 1638 2187 1698; baseline -0.002 -14"><span class='ocrx_word' id='word_1_145' title='bbox 236 1643 488 1698; x_wconf 86' lang='lat' dir='ltr'>permittant</span> <span class='ocrx_word' id='word_1_146' title='bbox 509 1641 636 1697; x_wconf 80' lang='lat' dir='ltr'>juxta</span> <span class='ocrx_word' id='word_1_147' title='bbox 655 1643 845 1683; x_wconf 87' lang='lat' dir='ltr'>tenorem</span> <span class='ocrx_word' id='word_1_148' title='bbox 866 1640 1105 1682; x_wconf 88' lang='lat' dir='ltr'>litterarum</span> <span class='ocrx_word' id='word_1_149' title='bbox 1126 1641 1369 1681; x_wconf 84' lang='lat' dir='ltr'>nostrarum</span> <span class='ocrx_word' id='word_1_150' title='bbox 1389 1638 1630 1694; x_wconf 84' lang='lat' dir='ltr'>patentium</span> <span class='ocrx_word' id='word_1_151' title='bbox 1651 1638 1949 1694; x_wconf 86' lang='lat' dir='ltr'>predictarum,</span> <span class='ocrx_word' id='word_1_152' title='bbox 1967 1653 2014 1681; x_wconf 88' lang='lat' dir='ltr'>ac</span> <span class='ocrx_word' id='word_1_153' title='bbox 2029 1639 2187 1681; x_wconf 87' lang='lat' dir='ltr'>eisdem</span> 
     </span>
     <span class='ocr_line' id='line_1_16' title="bbox 232 1729 2184 1790; baseline -0.002 -15"><span class='ocrx_word' id='word_1_154' title='bbox 232 1733 357 1790; x_wconf 86' lang='lat' dir='ltr'>ligeis</span> <span class='ocrx_word' id='word_1_155' title='bbox 387 1736 430 1775; x_wconf 92' lang='lat' dir='ltr'>et</span> <span class='ocrx_word' id='word_1_156' title='bbox 459 1732 666 1774; x_wconf 87' lang='lat' dir='ltr'>ministris</span> <span class='ocrx_word' id='word_1_157' title='bbox 696 1731 891 1774; x_wconf 90' lang='lat' dir='ltr'>similiter</span> <span class='ocrx_word' id='word_1_158' title='bbox 920 1730 1099 1772; x_wconf 89' lang='lat' dir='ltr'>firmiter</span> <span class='ocrx_word' id='word_1_159' title='bbox 1128 1729 1371 1772; x_wconf 90' lang='lat' dir='ltr'>inhibemus</span> <span class='ocrx_word' id='word_1_160' title='bbox 1400 1744 1454 1771; x_wconf 92' lang='lat' dir='ltr'>ne</span> <span class='ocrx_word' id='word_1_161' title='bbox 1484 1729 1566 1784; x_wconf 89' lang='lat' dir='ltr'>ipsi</span> <span class='ocrx_word' id='word_1_162' title='bbox 1597 1730 1764 1771; x_wconf 88' lang='lat' dir='ltr'>eosdem</span> <span class='ocrx_word' id='word_1_163' title='bbox 1795 1729 1993 1772; x_wconf 89' lang='lat' dir='ltr'>abbatem.</span> <span class='ocrx_word' id='word_1_164' title='bbox 2024 1734 2066 1772; x_wconf 88' lang='lat' dir='ltr'>et</span> <span class='ocrx_word' id='word_1_165' title='bbox 2087 1745 2184 1773; x_wconf 92' lang='lat' dir='ltr'>con-</span> 
     </span>
     <span class='ocr_line' id='line_1_17' title="bbox 234 1820 2186 1875; baseline -0.002 -9"><span class='ocrx_word' id='word_1_166' title='bbox 234 1827 411 1866; x_wconf 84' lang='lat' dir='ltr'>ventum</span> <span class='ocrx_word' id='word_1_167' title='bbox 433 1827 507 1865; x_wconf 87' lang='lat' dir='ltr'>aut</span> <span class='ocrx_word' id='word_1_168' title='bbox 527 1837 783 1864; x_wconf 84' lang='lat' dir='ltr'>successores</span> <span class='ocrx_word' id='word_1_169' title='bbox 803 1836 899 1863; x_wconf 86' lang='lat' dir='ltr'>suos</span> <span class='ocrx_word' id='word_1_170' title='bbox 920 1824 1066 1863; x_wconf 88' lang='lat' dir='ltr'>contra</span> <span class='ocrx_word' id='word_1_171' title='bbox 1086 1824 1277 1863; x_wconf 91' lang='lat' dir='ltr'>tenorem</span> <span class='ocrx_word' id='word_1_172' title='bbox 1297 1821 1539 1862; x_wconf 86' lang='lat' dir='ltr'>litterarum</span> <span class='ocrx_word' id='word_1_173' title='bbox 1568 1820 1855 1875; x_wconf 86' lang='lat' dir='ltr'>predictarum</span> <span class='ocrx_word' id='word_1_174' title='bbox 1884 1821 2111 1863; x_wconf 88' lang='lat' dir='ltr'>molestent</span> <span class='ocrx_word' id='word_1_175' title='bbox 2139 1821 2186 1863; x_wconf 91' lang='lat' dir='ltr'>in</span> 
     </span>
     <span class='ocr_line' id='line_1_18' title="bbox 232 1911 2190 1970; baseline -0.001 -13"><span class='ocrx_word' id='word_1_176' title='bbox 232 1914 374 1970; x_wconf 87' lang='lat' dir='ltr'>aliquo</span> <span class='ocrx_word' id='word_1_177' title='bbox 397 1929 534 1970; x_wconf 88' lang='lat' dir='ltr'>neque</span> <span class='ocrx_word' id='word_1_178' title='bbox 555 1916 746 1969; x_wconf 86' lang='lat' dir='ltr'>gravent.</span> <span class='ocrx_word' id='word_1_179' title='bbox 809 1912 866 1955; x_wconf 90' lang='lat' dir='ltr'>In</span> <span class='ocrx_word' id='word_1_180' title='bbox 887 1912 1010 1969; x_wconf 83' lang='lat' dir='ltr'>cujus</span> <span class='ocrx_word' id='word_1_181' title='bbox 1038 1912 1098 1954; x_wconf 89' lang='lat' dir='ltr'>rei</span> <span class='ocrx_word' id='word_1_182' title='bbox 1118 1911 1412 1954; x_wconf 85' lang='lat' dir='ltr'>testimonium</span> <span class='ocrx_word' id='word_1_183' title='bbox 1432 1911 1508 1953; x_wconf 87' lang='lat' dir='ltr'>has</span> <span class='ocrx_word' id='word_1_184' title='bbox 1532 1911 1696 1953; x_wconf 84' lang='lat' dir='ltr'>litteras</span> <span class='ocrx_word' id='word_1_185' title='bbox 1715 1914 1879 1953; x_wconf 88' lang='lat' dir='ltr'>nostras</span> <span class='ocrx_word' id='word_1_186' title='bbox 1900 1912 1991 1954; x_wconf 91' lang='lat' dir='ltr'>fieri</span> <span class='ocrx_word' id='word_1_187' title='bbox 2011 1912 2190 1955; x_wconf 81' lang='lat' dir='ltr'>fecimus</span> 
     </span>
    </p>
   </div>
   <div class='ocr_carea' id='block_1_3' title="bbox 235 2008 442 2062">
    <p class='ocr_par' dir='ltr' id='par_1_3' title="bbox 235 2008 442 2062">
     <span class='ocr_line' id='line_1_19' title="bbox 235 2008 442 2062; baseline -0.005 -14"><span class='ocrx_word' id='word_1_188' title='bbox 235 2008 442 2062; x_wconf 85' lang='lat' dir='ltr'>patentes.</span> 
     </span>
    </p>
   </div>
   <div class='ocr_carea' id='block_1_4' title="bbox 295 2111 2191 2169">
    <p class='ocr_par' dir='ltr' id='par_1_4' title="bbox 295 2111 2191 2169">
     <span class='ocr_line' id='line_1_20' title="bbox 295 2111 2191 2169; baseline -0.001 -13"><span class='ocrx_word' id='word_1_189' title='bbox 295 2114 461 2156; x_wconf 87' lang='lat' dir='ltr'>Datum</span> <span class='ocrx_word' id='word_1_190' title='bbox 492 2113 569 2155; x_wconf 87' lang='lat' dir='ltr'>sub</span> <span class='ocrx_word' id='word_1_191' title='bbox 601 2113 742 2169; x_wconf 88' lang='lat' dir='ltr'>sigillo</span> <span class='ocrx_word' id='word_1_192' title='bbox 772 2115 916 2155; x_wconf 88' lang='lat' dir='ltr'>nostro</span> <span class='ocrx_word' id='word_1_193' title='bbox 947 2113 1126 2154; x_wconf 86' lang='lat' dir='ltr'>ducatus</span> <span class='ocrx_word' id='word_1_194' title='bbox 1156 2111 1291 2154; x_wconf 87' lang='lat' dir='ltr'>nostri</span> <span class='ocrx_word' id='word_1_195' title='bbox 1321 2111 1499 2166; x_wconf 89' lang='lat' dir='ltr'>predicti</span> <span class='ocrx_word' id='word_1_196' title='bbox 1529 2111 1644 2166; x_wconf 89' lang='lat' dir='ltr'>apud</span> <span class='ocrx_word' id='word_1_197' title='bbox 1664 2111 1904 2153; x_wconf 87' lang='lat' dir='ltr'>manerium</span> <span class='ocrx_word' id='word_1_198' title='bbox 1924 2116 2115 2154; x_wconf 87' lang='lat' dir='ltr'>nostrum</span> <span class='ocrx_word' id='word_1_199' title='bbox 2137 2113 2191 2155; x_wconf 89' lang='lat' dir='ltr'>de</span> 
     </span>
    </p>
   </div>
   <div class='ocr_carea' id='block_1_5' title="bbox 233 2203 1731 2260">
    <p class='ocr_par' dir='ltr' id='par_1_5' title="bbox 233 2203 1731 2260">
     <span class='ocr_line' id='line_1_21' title="bbox 233 2203 1731 2260; baseline -0.003 -12"><span class='ocrx_word' id='word_1_200' title='bbox 233 2205 393 2248; x_wconf 57' lang='lat' dir='ltr'>Samus</span> <span class='ocrx_word' id='word_1_201' title='bbox 416 2205 566 2260; x_wconf 91' lang='lat' dir='ltr'>quinto</span> <span class='ocrx_word' id='word_1_202' title='bbox 587 2204 750 2246; x_wconf 90' lang='lat' dir='ltr'>decimo</span> <span class='ocrx_word' id='word_1_203' title='bbox 771 2204 840 2246; x_wconf 86' lang='lat' dir='ltr'>die</span> <span class='ocrx_word' id='word_1_204' title='bbox 861 2203 969 2245; x_wconf 86' lang='lat' dir='ltr'>Maii</span> <span class='ocrx_word' id='word_1_205' title='bbox 992 2218 1105 2245; x_wconf 88' lang='lat' dir='ltr'>anno</span> <span class='ocrx_word' id='word_1_206' title='bbox 1125 2203 1249 2259; x_wconf 90' lang='lat' dir='ltr'>regni</span> <span class='ocrx_word' id='word_1_207' title='bbox 1269 2203 1402 2245; x_wconf 88' lang='lat' dir='ltr'>nostri</span> <span class='ocrx_word' id='word_1_208' title='bbox 1423 2203 1585 2245; x_wconf 91' lang='lat' dir='ltr'>decimo</span> <span class='ocrx_word' id='word_1_209' title='bbox 1605 2217 1731 2245; x_wconf 91' lang='lat' dir='ltr'>nono.</span> 
     </span>
    </p>
   </div>
   <div class='ocr_carea' id='block_1_6' title="bbox 993 2318 2131 2376">
    <p class='ocr_par' dir='ltr' id='par_1_6' title="bbox 993 2318 2131 2376">
     <span class='ocr_line' id='line_1_22' title="bbox 993 2318 2131 2376; baseline 0 -15"><span class='ocrx_word' id='word_1_210' title='bbox 993 2319 1076 2361; x_wconf 90' lang='lat' dir='ltr'>Per</span> <span class='ocrx_word' id='word_1_211' title='bbox 1096 2319 1237 2376; x_wconf 87' lang='lat' dir='ltr'>ipsum</span> <span class='ocrx_word' id='word_1_212' title='bbox 1258 2318 1437 2375; x_wconf 84' lang='lat' dir='ltr'>Regem.</span> <span class='ocrx_word' id='word_1_213' title='bbox 1889 2318 2131 2362; x_wconf 72' lang='lat' dir='ltr'>MoRPArr-t.</span> 
     </span>
    </p>
   </div>
   <div class='ocr_carea' id='block_1_7' title="bbox 238 2441 2195 2774">
    <p class='ocr_par' dir='ltr' id='par_1_7' title="bbox 238 2441 2195 2774">
     <span class='ocr_line' id='line_1_23' title="bbox 296 2441 2193 2501; baseline 0.001 -15"><span class='ocrx_word' id='word_1_214' title='bbox 296 2445 430 2501; x_wconf 90' lang='lat' dir='ltr'>Upon</span> <span class='ocrx_word' id='word_1_215' title='bbox 460 2443 533 2486; x_wconf 89' lang='lat' dir='ltr'>the</span> <span class='ocrx_word' id='word_1_216' title='bbox 562 2444 654 2486; x_wconf 83' lang='lat' dir='ltr'>fold</span> <span class='ocrx_word' id='word_1_217' title='bbox 685 2444 891 2486; x_wconf 78' lang='lat' dir='ltr'>below—⁶</span> <span class='ocrx_word' id='word_1_218' title='bbox 906 2444 1237 2486; x_wconf 88' lang='lat' dir='ltr'>Memorandum</span> <span class='ocrx_word' id='word_1_219' title='bbox 1273 2444 1388 2498; x_wconf 87' lang='lat' dir='ltr'>quod</span> <span class='ocrx_word' id='word_1_220' title='bbox 1421 2442 1682 2498; x_wconf 84' lang='lat' dir='ltr'>infrascripti</span> <span class='ocrx_word' id='word_1_221' title='bbox 1717 2441 1847 2485; x_wconf 90' lang='lat' dir='ltr'>abbas</span> <span class='ocrx_word' id='word_1_222' title='bbox 1883 2446 1926 2484; x_wconf 92' lang='lat' dir='ltr'>et</span> <span class='ocrx_word' id='word_1_223' title='bbox 1959 2447 2193 2487; x_wconf 87' lang='lat' dir='ltr'>conventus</span> 
     </span>
     <span class='ocr_line' id='line_1_24' title="bbox 239 2534 2194 2593; baseline 0.001 -15"><span class='ocrx_word' id='word_1_224' title='bbox 239 2536 524 2593; x_wconf 87' lang='lat' dir='ltr'>promiserunt</span> <span class='ocrx_word' id='word_1_225' title='bbox 563 2535 736 2578; x_wconf 85' lang='lat' dir='ltr'>domino</span> <span class='ocrx_word' id='word_1_226' title='bbox 784 2540 927 2578; x_wconf 84' lang='lat' dir='ltr'>nostro</span> <span class='ocrx_word' id='word_1_227' title='bbox 974 2535 1088 2591; x_wconf 85' lang='lat' dir='ltr'>Regi</span> <span class='ocrx_word' id='word_1_228' title='bbox 1138 2535 1409 2590; x_wconf 82' lang='lat' dir='ltr'>infrascripto</span> <span class='ocrx_word' id='word_1_229' title='bbox 1459 2535 1573 2590; x_wconf 88' lang='lat' dir='ltr'>quod</span> <span class='ocrx_word' id='word_1_230' title='bbox 1618 2534 1664 2575; x_wconf 91' lang='lat' dir='ltr'>in</span> <span class='ocrx_word' id='word_1_231' title='bbox 1711 2534 1838 2576; x_wconf 83' lang='lat' dir='ltr'>missa</span> <span class='ocrx_word' id='word_1_232' title='bbox 1884 2535 2098 2577; x_wconf 88' lang='lat' dir='ltr'>cotidiana</span> <span class='ocrx_word' id='word_1_233' title='bbox 2138 2537 2194 2579; x_wconf 87' lang='lat' dir='ltr'>ad</span> 
     </span>
     <span class='ocr_line' id='line_1_25' title="bbox 238 2624 2195 2684; baseline -0.001 -14"><span class='ocrx_word' id='word_1_234' title='bbox 238 2642 447 2684; x_wconf 86' lang='lat' dir='ltr'>magnum</span> <span class='ocrx_word' id='word_1_235' title='bbox 487 2627 620 2668; x_wconf 83' lang='lat' dir='ltr'>altare</span> <span class='ocrx_word' id='word_1_236' title='bbox 659 2627 829 2669; x_wconf 90' lang='lat' dir='ltr'>ecclesie</span> <span class='ocrx_word' id='word_1_237' title='bbox 869 2628 921 2669; x_wconf 93' lang='lat' dir='ltr'>de</span> <span class='ocrx_word' id='word_1_238' title='bbox 962 2626 1163 2668; x_wconf 65' lang='lat' dir='ltr'>Momm</span> <span class='ocrx_word' id='word_1_239' title='bbox 1204 2625 1472 2681; x_wconf 75' lang='lat' dir='ltr'>infrascripto</span> <span class='ocrx_word' id='word_1_240' title='bbox 1508 2624 1760 2667; x_wconf 85' lang='lat' dir='ltr'>celebranda</span> <span class='ocrx_word' id='word_1_241' title='bbox 1800 2624 1965 2667; x_wconf 84' lang='lat' dir='ltr'>dicetur</span> <span class='ocrx_word' id='word_1_242' title='bbox 2004 2627 2195 2682; x_wconf 86' lang='lat' dir='ltr'>specialis</span> 
     </span>
     <span class='ocr_line' id='line_1_26' title="bbox 240 2715 2194 2774; baseline 0 -14"><span class='ocrx_word' id='word_1_243' title='bbox 240 2718 416 2761; x_wconf 84' lang='lat' dir='ltr'>collecta</span> <span class='ocrx_word' id='word_1_244' title='bbox 465 2733 540 2773; x_wconf 91' lang='lat' dir='ltr'>pro</span> <span class='ocrx_word' id='word_1_245' title='bbox 582 2717 695 2760; x_wconf 85' lang='lat' dir='ltr'>dicto</span> <span class='ocrx_word' id='word_1_246' title='bbox 736 2717 908 2760; x_wconf 89' lang='lat' dir='ltr'>domino</span> <span class='ocrx_word' id='word_1_247' title='bbox 950 2717 1072 2774; x_wconf 83' lang='lat' dir='ltr'>Rege</span> <span class='ocrx_word' id='word_1_248' title='bbox 1112 2717 1428 2772; x_wconf 88' lang='lat' dir='ltr'>imperpetuum</span> <span class='ocrx_word' id='word_1_249' title='bbox 1469 2718 1559 2758; x_wconf 85' lang='lat' dir='ltr'>tam</span> <span class='ocrx_word' id='word_1_250' title='bbox 1598 2715 1645 2757; x_wconf 89' lang='lat' dir='ltr'>in</span> <span class='ocrx_word' id='word_1_251' title='bbox 1686 2716 1775 2757; x_wconf 90' lang='lat' dir='ltr'>vita</span> <span class='ocrx_word' id='word_1_252' title='bbox 1815 2730 1892 2758; x_wconf 88' lang='lat' dir='ltr'>sua</span> <span class='ocrx_word' id='word_1_253' title='bbox 1932 2731 2061 2772; x_wconf 88' lang='lat' dir='ltr'>quam</span> <span class='ocrx_word' id='word_1_254' title='bbox 2099 2723 2194 2773; x_wconf 84' lang='lat' dir='ltr'>post</span> 
     </span>
    </p>
   </div>
   <div class='ocr_carea' id='block_1_8' title="bbox 239 2807 449 2851">
    <p class='ocr_par' dir='ltr' id='par_1_8' title="bbox 239 2807 449 2851">
     <span class='ocr_line' id='line_1_27' title="bbox 239 2807 449 2851; baseline -0.005 0"><span class='ocrx_word' id='word_1_255' title='bbox 239 2807 449 2851; x_wconf 88' lang='lat' dir='ltr'>mortem.’</span> 
     </span>
    </p>
   </div>
   <div class='ocr_carea' id='block_1_9' title="bbox 300 2912 2195 2971">
    <p class='ocr_par' dir='ltr' id='par_1_9' title="bbox 300 2912 2195 2971">
     <span class='ocr_line' id='line_1_28' title="bbox 300 2912 2195 2971; baseline -0.002 -13"><span class='ocrx_word' id='word_1_256' title='bbox 300 2916 392 2959; x_wconf 83' lang='lat' dir='ltr'>The</span> <span class='ocrx_word' id='word_1_257' title='bbox 425 2915 511 2958; x_wconf 84' lang='lat' dir='ltr'>seal</span> <span class='ocrx_word' id='word_1_258' title='bbox 542 2915 579 2957; x_wconf 90' lang='lat' dir='ltr'>is</span> <span class='ocrx_word' id='word_1_259' title='bbox 599 2929 723 2971; x_wconf 89' lang='lat' dir='ltr'>gone,</span> <span class='ocrx_word' id='word_1_260' title='bbox 755 2914 834 2957; x_wconf 92' lang='lat' dir='ltr'>but</span> <span class='ocrx_word' id='word_1_261' title='bbox 865 2915 939 2957; x_wconf 89' lang='lat' dir='ltr'>the</span> <span class='ocrx_word' id='word_1_262' title='bbox 970 2914 1111 2970; x_wconf 86' lang='lat' dir='ltr'>plaits‚</span> <span class='ocrx_word' id='word_1_263' title='bbox 1142 2914 1188 2956; x_wconf 91' lang='lat' dir='ltr'>in</span> <span class='ocrx_word' id='word_1_264' title='bbox 1218 2913 1427 2956; x_wconf 84' lang='lat' dir='ltr'>alternate</span> <span class='ocrx_word' id='word_1_265' title='bbox 1457 2912 1631 2969; x_wconf 87' lang='lat' dir='ltr'>lengths</span> <span class='ocrx_word' id='word_1_266' title='bbox 1651 2912 1697 2955; x_wconf 84' lang='lat' dir='ltr'>of</span> <span class='ocrx_word' id='word_1_267' title='bbox 1725 2912 1879 2968; x_wconf 83' lang='lat' dir='ltr'>yellow</span> <span class='ocrx_word' id='word_1_268' title='bbox 1899 2913 1985 2955; x_wconf 84' lang='lat' dir='ltr'>and</span> <span class='ocrx_word' id='word_1_269' title='bbox 2004 2914 2080 2955; x_wconf 89' lang='lat' dir='ltr'>red</span> <span class='ocrx_word' id='word_1_270' title='bbox 2101 2913 2195 2966; x_wconf 89' lang='lat' dir='ltr'>silk,</span> 
     </span>
    </p>
   </div>
   <div class='ocr_carea' id='block_1_10' title="bbox 240 3007 415 3050">
    <p class='ocr_par' dir='ltr' id='par_1_10' title="bbox 240 3007 415 3050">
     <span class='ocr_line' id='line_1_29' title="bbox 240 3007 415 3050; baseline -0.011 0"><span class='ocrx_word' id='word_1_271' title='bbox 240 3007 415 3050; x_wconf 85' lang='lat' dir='ltr'>remain.</span> 
     </span>
    </p>
   </div>
  </div>
 </body>
</html>
