2386 3645
312 272 422 313 1532

1030 486 1399 530 MOXXXVHI.

249 600 628 644 PERPETUAL
669 601 869 645 LEASE
911 602 998 645 BY
1037 601 1140 645 SIR
1188 602 1357 645 JOHN
1410 601 1793 645 STRADLYNG
1848 601 1924 643 ΤΟ
1981 601 2189 645 JEVAN

393 692 475 734 ΑΡ
516 692 717 736 DAVID
759 693 841 735 ΑΡ
883 693 1223 746 GWYLLYM,
1266 693 1344 736 OF
1383 693 1559 736 LAND
1602 693 1672 736 IN
1714 692 1975 744 COITIFF,
2016 692 2098 735 AT
2149 693 2191 735 A

394 783 657 826 YEARLY
716 783 886 826 RENT
928 783 1007 826 OF
1047 783 1469 828 TWENTY-ONE
1510 783 1728 827 PENGE.

1099 891 1170 945 [G.
1195 891 1247 934 Gr.
1272 891 1346 948 F.]

1377 1000 1429 1041 31
1463 999 1585 1042 Mu.
1648 1001 1673 1041 5
1705 999 1829 1042 ΗΕΝ.
1863 999 1945 1043 VI.
2010 999 2134 1041 1427,

306 1105 515 1148 Omnibus
543 1106 730 1148 CHRISTI
764 1105 960 1149 fidelibus
992 1107 1045 1148 ad
1071 1121 1175 1161 quos
1210 1122 1380 1162 presens
1413 1107 1616 1163 scriptum
1649 1107 1920 1150 indentatum
1953 1107 2192 1162 pervenerit

245 1197 275 1239 J
277 1211 486 1239 OHANNES
523 1196 806 1239 STRADLYNG'
843 1197 965 1239 miles
995 1198 1176 1239 salutem
1208 1197 1254 1238 in
1287 1198 1459 1240 domino
1495 1198 1808 1253 sempiternam.
1870 1198 2089 1241 Noveritis
2122 1212 2191 1239 me

243 1289 407 1330 dedisse
429 1288 674 1330 concessisse
705 1290 747 1329 et
776 1288 855 1329 hoc
879 1288 1064 1342 presenti
1097 1288 1251 1344 scripto
1283 1303 1377 1330 meo
1401 1288 1624 1331 indentato
1656 1289 1920 1331 confirmasse
1952 1289 1982 1331 J
1985 1303 2108 1330 EUAN
2137 1303 2190 1344 ap

246 1378 401 1420 DAvn)
422 1394 475 1434 ap
509 1379 743 1420 GWYLLYM
774 1379 880 1420 duas
908 1393 1025 1420 acras
1052 1381 1093 1420 et
1118 1379 1341 1420 dimidiam
1361 1382 1471 1421 terre
1499 1395 1595 1421 cum
1620 1379 1891 1435 pertinenciis
1921 1380 1967 1421 in
1993 1378 2190 1421 001T1FF'

244 1471 389 1511 vocate
411 1469 556 1510 POTTE
564 1483 750 1510 RISLOND
770 1469 815 1510 in
837 1471 957 1523 parte
974 1469 1170 1511 orientali
1186 1470 1271 1511 alte
1287 1470 1354 1512 vie
1370 1474 1515 1512 vocate
1531 1470 1725 1512 UPTOUN
1743 1469 1873 1514 WEY.
1928 1469 2193 1512 Habendum

246 1562 289 1602 et
319 1560 552 1602 tenendum
583 1559 792 1614 predictas
822 1560 928 1601 duas
958 1574 1073 1601 acras
1104 1562 1148 1601 et
1176 1560 1400 1602 dimidiam
1430 1563 1539 1602 terre
1580 1576 1675 1602 cum
1715 1561 1987 1616 pertinenciis
2028 1560 2193 1616 prefato

245 1648 274 1691 J
278 1663 399 1690 EUAN
426 1649 651 1691 heredibus
681 1651 724 1690 et
753 1649 980 1705 assignatis
1010 1650 1096 1692 suis
1126 1650 1441 1705 imperpetuum
1482 1651 1534 1692 de
1574 1650 1825 1706 capitalibus
1861 1651 2044 1693 dominis
2077 1651 2193 1694 feodi

245 1739 360 1781 illius
380 1754 455 1794 per
474 1740 666 1781 redditus
687 1742 728 1781 et
749 1740 924 1783 servicia
944 1741 1044 1782 inde
1066 1740 1209 1783 debita
1230 1744 1271 1782 et
1293 1744 1491 1784 consueta
1513 1745 1555 1784 et
1582 1743 1797 1784 reddendo
1817 1742 1947 1784 michi
1967 1741 2193 1784 heredibus

245 1833 288 1871 et
309 1830 533 1886 assignatis
556 1830 660 1872 meis
681 1831 838 1886 viginti
858 1847 994 1873 unum
1015 1832 1210 1874 denarios
1231 1833 1286 1874 ad
1316 1832 1474 1874 festum
1505 1832 1650 1875 Sancti
1681 1832 1940 1875 MICHAELIS
1970 1834 2194 1875 annuatim

244 1923 287 1962 et
328 1921 514 1976 quinque
555 1921 708 1963 solidos
746 1922 917 1964 nomine
957 1922 1129 1965 herietti
1161 1927 1254 1978 post
1296 1924 1511 1966 decessum
1552 1924 1656 1966 dicti
1691 1923 1846 1966 JEUAN
1887 1924 2091 1966 heredum
2127 1925 2194 1966 vel

244 2012 558 2068 assignatorum
579 2028 749 2054 suorum
771 2014 838 2055 vel
860 2014 945 2055 tale
965 2013 1196 2056 heriettum
1218 2029 1313 2056 cum
1335 2015 1532 2057 acciderit
1565 2030 1690 2070 super
1721 2018 1805 2057 tres
1826 2030 1941 2057 acras
1961 2018 2070 2058 terre
2091 2030 2196 2071 quas

245 2117 323 2159 ego
345 2103 373 2145 J
376 2118 586 2145 OHANNEs
606 2104 738 2146 habui
759 2105 811 2146 de
833 2105 945 2146 dicto
966 2104 995 2147 J
998 2119 1120 2146 EUAN
1142 2105 1189 2147 in
1209 2121 1318 2148 novo
1340 2106 1480 2148 clauso
1511 2121 1603 2148 meo
1635 2122 1709 2162 per
1739 2108 1957 2161 quandam
1987 2107 2116 2149 finem
2146 2107 2192 2149 in

246 2195 363 2236 curia
389 2196 441 2236 de
463 2193 646 2237 COITIFF
668 2196 852 2238 levatam
876 2230 884 2238 .
908 2199 951 2238 et
981 2197 1124 2239 omnia
1148 2197 1253 2239 talia
1279 2197 1604 2240 consuetudines
1630 2200 1671 2239 et
1699 2197 1873 2240 servicia
1900 2197 2044 2240 debita
2071 2213 2196 2254 super

249 2286 382 2327 dictas
403 2288 488 2328 tres
507 2300 622 2328 acras
642 2290 752 2328 terre
775 2302 870 2329 cum
891 2288 1133 2330 acciderint.
1195 2288 1256 2330 Et
1275 2289 1311 2330 si
1333 2289 1554 2345 contingat
1576 2289 1678 2330 dicti
1701 2289 1856 2344 viginti
1877 2304 2012 2331 unum
2033 2289 2196 2331 denarii

248 2377 316 2418 vel
346 2377 534 2432 quinque
566 2377 688 2419 solidi
719 2378 890 2420 nomine
919 2379 1092 2421 herietti
1122 2380 1189 2421 vel
1219 2379 1449 2422 heriettum
1479 2379 1804 2422 consuetudines
1835 2383 1877 2423 et
1908 2380 2081 2422 servicia
2101 2395 2194 2436 pre-

249 2468 469 2510 nominata
490 2471 627 2511 aretro
650 2484 737 2511 esse
757 2469 942 2512 insoluta
964 2471 1030 2512 vel
1050 2486 1137 2513 non
1158 2470 1272 2512 facta
1293 2472 1348 2513 ad.
1368 2474 1535 2526 tempus
1551 2474 1594 2513 et
1608 2472 1812 2514 terminos
1826 2472 1994 2514 usuales
2011 2505 2020 2513 .
2038 2475 2195 2514 extunc

249 2558 357 2601 bene
387 2560 511 2601 liceat
541 2560 671 2601 michi
700 2561 887 2615 predicto
918 2561 947 2604 J
950 2576 1126 2603 OHANNI
1166 2561 1392 2604 heredibus
1431 2566 1473 2604 et
1513 2563 1739 2618 assignatis
1778 2563 1882 2605 meis
1922 2578 1997 2618 pro
2037 2563 2194 2605 eisdem

249 2649 503 2705 distringere
524 2650 569 2691 in
589 2651 788 2705 predictis
809 2650 974 2694 duabus
995 2652 1100 2694 acris
1120 2654 1230 2694 terre
1252 2667 1347 2694 cum
1363 2652 1635 2707 pertinenciis
1655 2655 1696 2695 et
1712 2653 1994 2695 districtiones
2013 2653 2194 2696 retinere

250 2755 467 2796 quousque
488 2741 540 2783 de
561 2741 720 2783 eisdem
741 2741 869 2784 michi
883 2742 1109 2785 heredibus
1124 2743 1192 2785 vel
1206 2743 1431 2799 assignatis
1448 2744 1550 2785 meis
1564 2744 1751 2799 plenarie
1765 2744 2029 2787 satisfactum
2049 2744 2192 2787 fuerit.

249 2831 424 2874 Proviso
445 2835 589 2874 tamen
611 2834 725 2888 quod
745 2848 825 2889 ego
846 2834 1060 2889 predictus
1080 2833 1109 2877 J
1111 2848 1322 2876 OHANNES
1342 2849 1418 2890 pro
1439 2850 1506 2876 me
1536 2834 1762 2877 heredibus
1782 2839 1824 2877 et
1844 2835 2070 2891 assignatis
2089 2835 2194 2877 meis

249 2923 344 2964 volo
366 2926 407 2964 et
429 2923 609 2965 concedo
630 2938 705 2979 per
725 2927 939 2979 presentes
960 2925 1073 2980 quod
1095 2925 1130 2967 si
1146 2925 1360 2981 predictus
1374 2925 1403 2968 J
1408 2939 1528 2967 EUAN
1544 2925 1718 2968 heredes
1739 2941 1812 2968 seu
1831 2941 1976 2968 eorum
1989 2926 2194 2982 assignati

249 3013 416 3055 solvant
436 3015 478 3054 et
499 3013 658 3055 faciant
678 3014 869 3057 redditus
888 3015 1119 3058 heriettum
1139 3016 1463 3058 consuetudines
1484 3018 1527 3058 et
1546 3015 1721 3059 servicia
1741 3016 1913 3058 domino
1934 3016 1986 3058 de
2008 3015 2190 3059 Omnmv
