2386 3645
310 265 420 307 1612

251 471 430 514 felonias
449 470 801 526 transgressiones
821 472 863 512 et
884 470 967 510 alia
986 468 1210 510 malefacta
1229 467 1342 508 inter
1362 467 1528 509 easdem
1550 480 1680 521 aquas
1700 465 2061 520 qualitercumque
2076 464 2190 506 facta

251 577 324 604 seu
357 563 597 617 perpetrata
629 575 677 603 ac
713 575 857 603 omnes
897 559 992 601 illos
1027 574 1130 614 quos
1169 557 1343 600 rebelles
1382 558 1494 599 inter
1534 571 1663 612 aquas
1703 556 1912 611 predictas
1951 555 2191 596 invenerint

250 652 511 708 justificandi
531 652 838 707 imprisonandi
859 654 900 693 et
914 649 1150 705 castigandi
1171 663 1386 704 quousque
1407 651 1520 689 recto
1541 651 1651 689 stare
1672 646 1884 688 voluerint
1915 648 1956 687 et
1985 660 1998 700 J
2006 644 2192 686 usticiari

250 759 292 785 se
306 742 574 798 permiserint
589 743 641 784 de
655 742 818 784 delictis
838 739 1240 796 transgressionibus
1253 738 1498 780 criminibus
1514 740 1557 779 et
1572 736 1742 778 offensis
1759 751 1840 791 que
1856 734 2189 791 perpetraverint

254 834 298 876 in
319 833 398 875 hac
418 837 537 889 parte
559 836 601 874 et
623 833 657 874 si
677 848 752 887 per
773 832 939 874 eosdem
961 829 1206 872 senescallos
1227 834 1268 870 et
1299 828 1476 870 ballivos
1497 842 1538 869 se
1569 825 1776 882 justiciari
1805 825 2055 880 reliquerint
2089 828 2191 866 tunc

251 939 325 980 per
355 923 551 966 abbatem
581 922 748 965 abbatie
778 921 964 978 predicte
1006 921 1072 962 vel
1103 919 1348 962 senescallos
1379 923 1420 959 et
1450 917 1627 959 ballivos
1657 916 1865 971 predictos
1894 930 1970 971 pro
2001 918 2189 970 tempore

252 1015 480 1057 existentes
501 1014 667 1069 prisone
690 1013 813 1055 castri
834 1012 967 1053 nostri
989 1012 1040 1052 de
1063 1010 1314 1052 OGGEMORE
1338 1008 1658 1050 committantur
1678 1006 1751 1049 ubi
1783 1022 1851 1049 eos
1872 1021 1945 1061 per
1964 1005 2193 1061 J'anitorem

250 1105 442 1161 ejusdem
473 1105 628 1160 absque
659 1102 990 1145 contradiccione
1022 1116 1096 1142 sua
1126 1100 1255 1154 recipi
1296 1099 1554 1140 voluerimus
1597 1098 1947 1153 quandocumque
1978 1096 2195 1138 evenerint

248 1196 407 1239 ibidem
427 1195 601 1237 tenendi
622 1209 838 1250 quousque
859 1192 1129 1248 justicientur
1150 1192 1202 1232 de
1223 1189 1555 1245 transgressione
1577 1191 1618 1230 et
1643 1188 1870 1243 iniquitate
1896 1190 1938 1229 et
1962 1186 2190 1229 rebellione

250 1302 324 1344 per
345 1288 511 1329 eosdem
531 1285 781 1341 perpetratis
803 1287 845 1326 et
865 1284 1035 1339 plenam
1057 1281 1388 1324 satisfactionem
1409 1281 1509 1322 inde
1540 1280 1714 1321 fecerint
1736 1282 1778 1320 et
1799 1279 1913 1333 quod
1934 1293 2008 1333 per
2024 1292 2192 1333 precep-

250 1381 343 1421 tum
365 1378 468 1420 dicti
490 1376 654 1419 abbatis
684 1391 759 1431 pro
791 1380 980 1429 tempore
1012 1373 1232 1415 existentis
1263 1388 1336 1414 seu
1366 1371 1459 1427 ejus
1490 1370 1811 1413 senescallorum
1846 1370 1911 1411 vel
1940 1368 2197 1411 ballivorum

253 1484 424 1512 suorum
454 1468 612 1511 ibidem
645 1470 685 1509 et
715 1481 801 1508 non
834 1465 955 1507 aliter
985 1466 1078 1520 post
1109 1462 1357 1519 hujusmodi
1388 1461 1717 1504 satisfactionem
1749 1460 1907 1502 factam
1938 1474 1963 1501 a
1993 1462 2127 1501 castro
2152 1461 2195 1500 et

250 1561 419 1616 prisona
449 1558 646 1614 predictis
676 1556 962 1599 deliberentur
992 1555 1126 1611 quieti
1166 1555 1218 1596 de
1249 1554 1391 1609 aliqua
1431 1552 1692 1608 prestacione
1723 1551 1937 1593 solucione
1970 1564 2042 1592 seu
2073 1550 2197 1592 feodo

251 1654 519 1707 preterquam
540 1651 592 1691 de
610 1649 795 1704 quinque
809 1647 993 1689 denariis
1014 1661 1090 1702 pro
1106 1646 1230 1688 feodo
1246 1644 1444 1701 janitoris
1466 1643 1590 1685 castri
1611 1642 1789 1698 predicti
1811 1641 1890 1684 sibi
1912 1656 1987 1697 pro
2009 1640 2199 1696 quolibet

251 1741 410 1784 ibidem
430 1741 706 1796 imprisonato
735 1738 956 1780 solvendis.

310 1832 370 1874 Et
390 1832 567 1873 ulterius
588 1836 635 1872 ut
656 1830 786 1872 iidem
808 1844 920 1871 nunc
942 1828 1070 1870 abbas
1091 1831 1133 1869 et
1154 1829 1384 1869 conventus
1406 1829 1448 1868 et
1469 1839 1720 1867 successores
1741 1823 1806 1865 sui
1827 1823 1921 1865 Deo
1952 1823 1997 1864 in
2029 1822 2201 1864 ecclesia

252 1922 420 1965 abbatie
452 1922 637 1977 predicte
677 1920 865 1975 poterint
906 1920 1079 1961 inantea
1110 1918 1297 1974 quiecius
1319 1917 1526 1958 deservire
1548 1914 1870 1957 concesserimus
1898 1914 2056 1955 eisdem
2087 1913 2200 1968 quod

252 2015 333 2071 ipsi
354 2018 396 2056 et
421 2027 671 2056 successores
700 2011 765 2053 sui
790 2026 837 2053 ac
866 2026 1010 2052 omnes
1039 2012 1231 2051 tenentes
1262 2023 1407 2050 eorum
1438 2012 1479 2049 et
1508 2006 1738 2048 residentes
1764 2005 1809 2046 in
1837 2004 1961 2046 feodo
1990 2003 2200 2045 dominico

255 2109 297 2148 et
327 2104 514 2147 dominio
535 2104 765 2145 eorundem
786 2102 897 2144 inter
919 2116 1050 2156 aquas
1070 2100 1281 2156 predictas
1302 2100 1491 2141 decetero
1513 2097 1598 2139 sint
1620 2096 1753 2151 quieti
1774 2096 1826 2137 de
1858 2093 2058 2136 omnibus
2079 2094 2202 2136 donis

255 2196 480 2240 theoloniis
501 2194 671 2237 auxiliis
692 2193 894 2249 talliagiis
915 2192 1036 2234 nobis
1057 2196 1130 2233 aut
1153 2190 1377 2232 heredibus
1398 2189 1552 2231 nostris
1574 2187 1784 2229 solvendis
1806 2186 1927 2228 sectis
1949 2181 1990 2227 et
2011 2184 2203 2227 adventi-

255 2289 334 2331 bus
355 2289 409 2329 ad
430 2287 677 2329 comitatum
705 2285 926 2326 hundreda
947 2288 1075 2325 turna
1096 2285 1305 2325 commota
1332 2279 1593 2323 commortha
1624 2278 1824 2320 sessiones
1857 2276 2204 2332 justiciariorium

256 2377 551 2422 itinerantium
592 2379 634 2418 et
674 2376 853 2417 aliorum
889 2373 1343 2416 commissionariorum
1383 2375 1623 2413 nostrorum
1659 2373 1701 2411 et
1733 2368 1837 2410 alias
1872 2367 2008 2409 curias
2041 2370 2204 2408 nostras

261 2470 464 2512 heredum
502 2471 544 2509 et
576 2480 858 2509 successorum
894 2467 1133 2506 nostrorum
1174 2476 1521 2518 quorumcunque
1562 2460 1607 2501 in
1647 2462 1894 2514 perpetuam
1935 2457 2207 2499 elemosinam

259 2562 572 2616 imperpetuum
593 2558 718 2600 salvis
739 2557 860 2599 nobis
881 2559 923 2598 et
943 2555 1167 2597 heredibus
1188 2554 1342 2596 nostris
1373 2551 1659 2608 quadraginta
1693 2549 1837 2591 solidis
1872 2549 2025 2590 annuis
2059 2562 2205 2603 supra-

260 2652 382 2695 dictis
413 2683 422 2693 .
455 2650 529 2692 Set
551 2664 675 2704 super
695 2649 862 2690 eosdem
882 2646 1073 2689 homines
1095 2651 1136 2687 et
1166 2645 1397 2687 residentes
1418 2644 1462 2684 in
1494 2642 1609 2683 curia
1640 2641 1804 2683 abbatis
1834 2639 2013 2695 predicti
2046 2641 2088 2680 et
2120 2653 2206 2680 non

261 2744 384 2786 aliter
405 2757 481 2783 nec
502 2740 605 2783 alibi
624 2741 676 2781 de
698 2739 893 2781 omnibus
912 2737 1037 2780 rebus
1059 2740 1101 2779 et
1117 2735 1280 2778 casibus
1301 2733 1615 2790 emergentibus
1645 2733 1720 2774 fiat
1746 2731 1920 2786 justicia
1953 2729 2203 2772 exhibenda.

320 2835 381 2877 Et
401 2834 572 2888 insuper
592 2832 643 2872 de
668 2830 851 2872 uberiori
882 2828 1020 2885 gratia
1054 2830 1198 2869 nostra
1233 2825 1473 2868 dederimus
1506 2822 1829 2866 concesserimus
1861 2820 2207 2863 ratificaverimus

262 2929 305 2969 et
345 2922 729 2967 confirmaverimus
758 2920 957 2976 predictis
997 2933 1110 2960 nunc
1141 2917 1285 2960 abbati
1315 2920 1356 2958 et
1387 2914 1614 2958 conventui
1647 2917 1690 2955 et
1724 2927 1870 2955 eorum
1903 2910 2204 2953 successoribus

262 3017 307 3059 in
348 3017 596 3071 perpetuam
636 3011 908 3055 elemosinam
947 3010 1262 3065 imperpetuum
1294 3007 1538 3049 omnimoda
1570 3005 1676 3046 fines
1708 3002 2035 3045 amerciamenta
2067 3001 2206 3043 exitus
