2386 3645
317 269 428 310 1224

254 477 448 531 presente
469 475 622 531 scripto
653 475 993 518 confirmavimus
1012 490 1088 532 pro
1115 475 1236 518 nobis
1256 478 1298 518 et
1318 474 1543 518 heredibus
1568 475 1723 518 nostris
1749 475 1794 517 in
1819 478 2071 531 perpetuum
2100 473 2195 517 Deo

253 568 297 608 et
337 565 505 608 ecclesie
544 565 666 608 beate
714 565 875 608 MAmn
926 567 979 608 dc
1019 565 1222 608 MARGAN
1263 569 1493 608 memorate
1527 600 1535 608 .
1573 569 1616 608 et
1655 565 1871 608 monachis
1903 565 2062 608 ibidem
2101 565 2197 608 Deo

257 655 538 699 servientibus
566 656 611 698 in
642 655 821 699 liberam
843 691 852 699 .
874 671 1026 712 puram
1050 689 1058 698 .
1081 660 1123 698 et
1153 659 1402 712 perpetuam
1432 656 1706 699 elemosinam
1736 671 1881 698 omnes
1910 656 2163 698 donaciones
2185 689 2193 698 .

257 746 542 789 concessiones
563 780 574 789 .
596 749 639 789 et
654 747 995 790 confirmaciones
1024 747 1234 802 predictas
1262 762 1359 789 cum
1379 746 1574 789 omnibus
1595 746 1681 788 suis
1701 746 1972 801 pertinenciis
1992 749 2034 788 et
2053 746 2197 789 liberis

258 837 634 879 consuetudinibus
664 838 895 880 secundum
914 840 1104 879 tenorem
1125 839 1336 879 cartarum
1356 837 1640 892 predictorum
1660 836 1929 878 dominorum
1949 836 2199 879 WILLELMI

256 930 300 969 et
322 927 544 969 Gummi-1
565 927 767 970 comitum
797 927 1103 969 GLOUCESTRIE
1128 961 1135 969 .
1159 927 1288 969 immo
1319 929 1361 969 et
1391 941 1536 969 omnes
1566 927 1817 969 donaciones
1847 927 2128 970 concessiones
2157 930 2201 970 et

258 1018 599 1060 confirmaciones
629 1018 787 1060 eisdem
818 1017 1034 1060 monachis
1054 1032 1129 1073 per
1156 1032 1441 1073 quoscumque
1465 1016 1618 1059 liberos
1646 1016 1839 1059 homines
1864 1020 1954 1060 tam
1973 1017 2200 1061 ANGLmos

257 1123 386 1163 quam
404 1107 687 1152 WALLENsEs
707 1108 841 1150 factas
863 1140 872 1149 .
895 1109 1040 1150 tenore
1059 1107 1320 1163 presentium
1338 1106 1493 1149 liberas
1515 1108 1558 1149 et
1578 1106 1763 1162 quietas.
1781 1106 1835 1150 ab
1856 1108 1973 1150 omni
1993 1108 2166 1151 servicio
2189 1141 2198 1150 .

255 1199 558 1241 consuetudine
582 1233 590 1240 .
613 1198 789 1241 seculari
820 1198 1018 1240 exacione
1040 1200 1083 1240 et
1112 1199 1324 1240 demanda
1353 1197 1637 1253 qualicunque
1658 1212 1734 1253 pro
1764 1197 1886 1241 nobis
1906 1201 1948 1240 et
1977 1198 2201 1242 heredibus

251 1289 406 1331 nostris
436 1289 779 1331 confirmavimus
808 1292 850 1331 et
880 1289 1185 1331 ratificavimus
1211 1288 1257 1331 in
1285 1291 1551 1345 perpetuum.
1626 1288 1698 1331 Ita
1724 1289 1852 1345 plane
1880 1290 1993 1344 quod
2023 1289 2203 1346 predicti

253 1379 451 1422 monachi
471 1378 655 1421 habeant
676 1381 719 1421 et
738 1382 913 1421 teneant
934 1379 1069 1421 curias
1089 1394 1185 1422 suas
1205 1379 1429 1435 utrobique
1445 1394 1572 1436 super
1588 1394 1732 1422 omncs
1748 1383 1880 1422 terras
1897 1382 1939 1422 et
1960 1382 2204 1423 tenementa

252 1484 329 1513 sua
349 1471 401 1512 de
423 1469 618 1512 omnibus
649 1469 815 1525 placitis
837 1474 877 1513 et
909 1470 1090 1526 querelis
1110 1474 1380 1526 preterquam
1400 1471 1452 1512 de
1473 1470 1559 1513 illis
1575 1485 1656 1526 que
1677 1471 1732 1512 ad
1753 1474 1942 1513 nostram
1962 1470 2202 1514 libertatem

250 1561 467 1617 pertinent
496 1593 505 1602 .
536 1565 578 1602 et
611 1563 803 1617 spectant
837 1561 891 1602 ad
925 1560 1173 1604 comitatum
1208 1564 1401 1604 nostrum
1430 1560 1790 1603 GLAMORGANCIE
1815 1576 1891 1617 per
1915 1561 2202 1605 vicecomitem

251 1654 445 1694 nostrum
466 1652 539 1707 qui
561 1667 637 1707 pro
660 1655 847 1707 tempore
869 1651 1000 1694 fuerit
1022 1652 1258 1708 specialiter
1276 1653 1512 1694 tractanda.

313 1741 455 1788 Quare
480 1743 676 1784 volumus
697 1744 741 1784 et
759 1742 1016 1798 precipimus
1039 1776 1046 1784 .
1070 1746 1118 1784 ut
1148 1742 1327 1799 predicti
1354 1742 1552 1785 monachi
1580 1742 1766 1786 habeant
1796 1746 1838 1786 et
1865 1746 2040 1786 teneant
2063 1743 2206 1786 omnia

253 1834 496 1890 supradicta
518 1866 526 1876 .
550 1832 680 1875 libere
701 1835 744 1875 et
767 1833 909 1889 quiete
930 1833 1098 1890 integre
1119 1837 1161 1876 et
1181 1834 1369 1889 plenarie
1389 1833 1436 1876 in
1464 1833 1586 1876 bosco
1609 1837 1652 1876 et
1671 1834 1799 1890 plano
1820 1834 1866 1877 in
1888 1834 1967 1876 viis
1988 1838 2031 1877 et
2046 1835 2206 1878 semitis

254 1924 300 1967 in
320 1925 442 1980 aquis
461 1930 503 1966 et
523 1923 779 1966 molendinis
809 1924 854 1966 in
880 1924 1053 1967 vivariis
1073 1927 1115 1967 et
1137 1924 1302 1981 stagnis
1324 1959 1333 1967 .
1354 1924 1401 1967 in
1422 1925 1550 1967 moris
1572 1928 1614 1967 et
1641 1925 1830 1968 mariscis
1853 1959 1862 1967 .
1884 1925 1930 1968 in
1945 1925 2145 1968 turbariis
2166 1928 2208 1968 et

254 2015 443 2072 piscariis
465 2048 474 2057 .
491 2015 538 2057 in
557 2015 690 2071 pratis
714 2018 755 2058 et
777 2015 960 2071 pasturis
983 2049 992 2058 .
1011 2018 1054 2058 et
1074 2016 1119 2058 in
1142 2016 1338 2059 omnibus
1359 2016 1452 2058 aliis
1473 2016 1734 2058 aisiamentis
1757 2019 1798 2059 et
1818 2016 1962 2058 liberis
1986 2022 2207 2060 consuetu-

255 2106 427 2149 dinibus
445 2106 492 2149 in
512 2109 779 2163 perpetuum.
842 2106 897 2148 In
919 2106 987 2163 cuj
994 2122 1042 2149 us
1062 2106 1123 2149 rei
1144 2107 1435 2149 testimonium
1456 2107 1648 2163 sigillum
1670 2107 1916 2150 cancellarie
1947 2110 2089 2150 nostre
2109 2107 2209 2150 huic

257 2197 447 2254 presenti
469 2200 583 2240 carta
603 2198 805 2240 duximus
825 2198 1139 2254 apponendum.

316 2289 481 2332 Datum
500 2289 546 2331 in
566 2293 700 2331 castro
723 2293 866 2332 nostro
896 2290 949 2331 de
976 2288 1205 2331 KAERDIF’
1229 2322 1238 2331 .
1261 2303 1373 2331 nono
1404 2288 1472 2330 die
1498 2289 1655 2331 mensis
1682 2288 1875 2331 Octobris
1908 2322 1916 2332 .
1949 2304 2061 2332 anno
2085 2290 2210 2346 regni

259 2379 394 2437 Regis
414 2380 640 2422 EDwARm
661 2380 780 2422 tercii
795 2383 890 2436 post
911 2383 1188 2436 conquestum
1208 2380 1457 2423 duodecimo
1479 2381 1643 2436 (1338).
1707 2379 1832 2422 Teste
1845 2380 2006 2436 meipso
2019 2384 2062 2423 et
2077 2381 2211 2424 eciam

260 2470 488 2514 venerabili
511 2474 631 2527 patre
651 2471 856 2528 magistro
877 2472 1049 2514 domino
1065 2471 1094 2515 J
1096 2486 1284 2513 OHANNE
1300 2472 1352 2514 de
1373 2471 1658 2513 EGLISCLYUE
1676 2470 1971 2514 LANDAvEm
1989 2472 2181 2528 episcopo
2200 2507 2208 2515 .

261 2561 466 2618 magistro
496 2561 700 2604 RchRno
736 2562 789 2604 de
821 2561 1079 2604 HALTOUNE
1113 2566 1216 2604 tunc
1246 2561 1439 2617 ejusdem
1470 2561 1639 2604 ecclesie
1673 2561 1966 2605 archidiacono
1998 2596 2006 2604 .
2041 2563 2212 2606 domino

261 2652 494 2695 GILBERTO
514 2653 566 2695 de
586 2652 885 2697 WYGETOUNE
910 2687 918 2695 .
942 2653 1114 2695 domino
1134 2652 1163 2695 J
1166 2667 1354 2695 OHANNE
1385 2653 1438 2695 de
1469 2652 1716 2695 MILTOUNE
1740 2685 1749 2694 .
1771 2652 1977 2708 magistro
2008 2652 2213 2695 R10A1u>0

258 2745 312 2786 de
343 2743 513 2787 Sromzs
543 2744 755 2786 canonicis
785 2748 1016 2788 memorate
1037 2745 1206 2788 ecclesie
1229 2779 1236 2787 .
1261 2745 1432 2788 domino
1454 2743 1712 2787 WILLELMO
1742 2745 1795 2786 de
1817 2743 2083 2786 ERKELOWE
2110 2748 2214 2788 tunc

260 2834 516 2877 seneschallo
548 2838 759 2878 terrarum
792 2838 1031 2878 nostrarum
1062 2835 1248 2879 Anam:
1282 2839 1324 2879 et
1360 2834 1601 2878 vicecomite
1632 2837 1777 2877 nostro
1809 2833 2173 2878 GLAMORGANOIE
2201 2866 2212 2877 .

259 2926 433 2968 domino
446 2925 704 2969 WILLELMO
724 2927 778 2969 de
799 2926 1106 2969 CAREswELLE
1122 2960 1130 2969 .
1149 2926 1322 2970 domino
1341 2926 1371 2969 J
1374 2940 1561 2968 OHANNE
1582 2925 1781 2968 DAVENE
1800 2958 1809 2968 .
1828 2925 2000 2968 domino
2023 2925 2211 2968 Romano

260 3016 313 3058 de
349 3015 683 3059 Bssmmnoms.
714 3017 887 3060 domino
917 3017 1153 3059 EDWARDO
1183 3017 1235 3060 de
1256 3014 1570 3058 STRADELYNG'
1605 3050 1613 3058 .
1646 3014 1855 3058 militibus
1878 3048 1887 3058 .
1912 3014 2143 3058 GILBERTO
2171 3016 2214 3058 le
