2386 3645
1893 256 2003 296 1309

118 447 362 492 Swmmss’
385 466 565 506 quorum
585 465 721 492 unum
741 453 1035 493 tenementum
1053 451 1167 507 jacet
1185 452 1313 508 juxta
1333 456 1513 497 eandem
1533 457 1687 498 tiu-rim
1707 459 1752 500 in
1773 463 1892 514 parte
1913 460 2062 504 boriali

117 556 249 596 usque
279 542 335 583 ad
364 556 535 583 murum
559 541 667 583 circa
697 541 903 582 ballivum
934 542 1224 597 supradictum
1257 576 1265 584 .
1299 548 1341 585 et
1372 545 1490 587 aliud
1520 548 1811 590 tenementum
1832 553 2061 594 eorundem

117 631 230 688 jacet
250 632 377 688 juxta
397 633 575 674 eandem
595 631 749 674 turrim
781 632 993 674 mediante
1024 635 1267 676 tenemento
1298 634 1465 676 THOME
1491 635 1719 689 WRENCH,
1752 641 1794 680 et
1822 642 2065 684 tenemento

116 721 313 764 RmARm
353 722 393 764 le
435 722 593 763 OLERK
631 721 678 763 in
718 725 838 777 parte
880 723 1087 765 orientali.
1169 724 1423 767 Tenendum
1463 730 1505 768 et
1545 726 1790 769 habendum
1823 731 2064 785 supradicta

119 813 310 856 maneria
330 813 382 855 de
402 812 812 855 SCURLAGISCASTEL
833 818 876 855 et
896 813 1061 856 BURRY
1081 830 1178 856 cum
1198 816 1454 858 molendinis
1474 818 1607 872 pratis
1636 817 1770 860 boscis
1801 822 1843 860 et
1873 820 2069 863 omnibus

119 905 207 947 suis
226 903 497 959 pertinenciis
518 906 561 945 et
580 902 849 945 libertatibus
880 905 1006 946 simul
1040 921 1137 947 cum
1167 905 1362 948 omnibus
1391 907 1590 949 dominiis
1621 908 1857 951 redditibus
1886 910 2072 952 serviciis

119 993 429 1036 reversionibus
460 993 584 1035 terris
618 994 873 1035 tenementis
908 994 1078 1036 wardiis
1111 995 1279 1038 releviis
1312 996 1514 1039 eschaetis
1547 1001 1588 1039 et
1615 997 1787 1040 herietis
1819 1000 2070 1054 supradictis

122 1100 217 1127 cum
250 1083 504 1126 omnimodis
535 1083 703 1139 juribus
737 1087 778 1126 et
806 1084 1075 1127 libertatibus
1110 1087 1164 1128 ad
1192 1087 1306 1129 dicta
1337 1091 1581 1130 tenementa
1615 1090 1902 1144 spectantibus
1934 1091 2071 1133 eidem

119 1176 327 1219 RICARDO
348 1174 555 1217 SCURLAG
580 1176 635 1217 ad
655 1175 887 1217 terminum
909 1176 994 1218 vite
1016 1192 1089 1218 sue
1109 1177 1240 1219 libere
1260 1181 1303 1220 et
1329 1179 1500 1234 pacifice
1522 1180 1574 1221 de
1605 1180 1858 1235 capitalibus
1889 1182 2073 1224 dominis

123 1267 344 1309 feodorum
365 1267 596 1308 eorundem
615 1282 691 1322 per
712 1267 887 1309 servicia
907 1267 1008 1309 inde
1030 1267 1174 1310 debita
1195 1272 1238 1311 et
1263 1273 1474 1311 consueta.
1536 1270 1647 1313 Volo
1669 1271 1799 1313 etiam
1820 1273 1861 1313 et
1893 1273 2075 1314 concedo

121 1359 236 1414 quod
271 1357 461 1413 predicta
495 1357 687 1400 maneria
718 1358 770 1399 de
807 1356 1216 1401 SCURLAGISCASTEL
1252 1363 1295 1402 et
1325 1359 1490 1402 BURRY
1523 1376 1619 1403 cum
1654 1361 1912 1404 molendinis
1942 1363 2078 1418 pratis

119 1449 253 1492 boscis
284 1453 326 1492 et
358 1449 555 1491 omnibus
590 1449 675 1490 suis
712 1448 881 1504 juribus
916 1452 959 1492 et
999 1450 1270 1504 pertinenciis
1303 1451 1430 1493 simul
1466 1467 1562 1494 cum
1595 1451 1792 1494 omnibus
1823 1454 2074 1509 supradictis

122 1540 323 1582 dominiis
361 1539 598 1582 redditibus
637 1539 946 1582 reversionibus
996 1541 1180 1583 serviciis
1219 1543 1342 1585 terris
1391 1543 1646 1585 tenementis
1695 1543 1865 1586 wardiis
1909 1545 2076 1588 releviis

122 1631 326 1674 eschaetis
359 1634 402 1673 et
441 1631 615 1674 herietis
656 1647 752 1674 cum
793 1632 990 1675 omnibus
1029 1633 1124 1675 aliis
1162 1633 1435 1688 pertinenciis
1475 1634 1561 1676 suis
1602 1650 1683 1690 que
1723 1639 1822 1691 post
1861 1637 2077 1678 decessum

120 1723 313 1779 ejusdem
349 1722 545 1765 RICARDI
579 1723 687 1765 mihi
720 1727 762 1765 et
793 1723 1020 1766 heredibus
1051 1725 1157 1766 meis
1195 1725 1351 1767 reverti
1390 1725 1593 1768 deberent
1628 1727 1794 1783 integre
1825 1729 2075 1770 remaneant

119 1814 335 1856 HENRICO
370 1814 458 1856 filio
492 1814 685 1870 ejusdem
713 1814 911 1857 RmARm
944 1815 1179 1858 SCURLAG’.
1254 1816 1509 1859 Tenendum
1540 1820 1582 1860 et
1612 1818 1857 1860 habendum
1886 1819 2075 1874 predicta

119 1905 310 1947 maneria
330 1906 383 1947 de
413 1904 823 1948 SCURLAGISCASTEL
845 1911 887 1948 et
909 1906 1074 1948 BURRY
1105 1922 1202 1949 cum
1232 1907 1428 1950 omnibus
1458 1908 1545 1950 suis
1575 1909 1848 1964 pertinenciis
1877 1912 1919 1951 et
1948 1909 2075 1952 liber-

118 1996 280 2038 tatibus
313 1996 441 2038 simul
474 2011 570 2038 cum
605 1996 802 2039 omnibus
838 1998 1090 2053 supradictis
1118 1999 1302 2040 dominis
1328 1999 1567 2042 redditibus
1598 2003 1640 2041 et
1669 2000 1852 2042 serviciis
1883 2001 2074 2042 omnium

118 2086 350 2129 liberorum
369 2088 614 2130 tenencium
635 2088 977 2143 supradictorum
997 2104 1085 2131 una
1105 2104 1201 2131 cum
1223 2090 1419 2132 omnibus
1441 2091 1694 2146 supradictis
1713 2092 1836 2133 terris
1857 2094 1934 2134 etc.
1960 2095 2036 2134 etc.
2062 2125 2071 2133 .

119 2177 322 2220 eschaetis
353 2177 526 2220 herietis
561 2193 658 2220 cum
692 2179 889 2221 omnibus
924 2180 1009 2222 suis
1044 2181 1316 2235 pertinenciis
1351 2182 1490 2224 eidem
1522 2181 1737 2224 HEcho
1773 2185 1815 2224 et
1846 2182 2073 2225 heredibus

115 2268 314 2310 masculis
335 2269 388 2310 de
409 2284 580 2324 corpore
601 2285 676 2311 suo
700 2270 893 2325 legitime
922 2271 1150 2326 procreatis
1176 2272 1228 2314 de
1257 2272 1510 2328 capitalibus
1535 2273 1720 2314 dominis
1750 2273 1969 2315 feodorum
1996 2288 2071 2328 per

119 2360 292 2402 servicia
332 2359 432 2402 inde
469 2360 613 2402 debita
641 2365 684 2402 et
725 2365 936 2406 consueta.
1017 2363 1078 2404 Et
1113 2363 1148 2404 si
1180 2363 1296 2405 idem
1332 2363 1573 2406 HENRICUS
1609 2364 1760 2406 obierit
1794 2364 1883 2406 sine
1917 2364 2071 2406 herede

117 2452 304 2493 masculo
354 2452 407 2492 de
457 2466 627 2507 corpore
678 2467 752 2494 suo
802 2453 995 2509 legitime
1045 2459 1262 2509 procreato
1312 2458 1468 2497 extunc
1508 2456 1750 2510 supradicta
1788 2455 1977 2496 maneria
2018 2456 2070 2497 de

120 2541 355 2583 SCURLAGE
379 2541 549 2584 CASTEL
571 2545 613 2584 et
637 2541 800 2585 BURRY
821 2559 918 2586 cum
949 2545 1145 2587 omnibus
1176 2546 1263 2587 suis
1292 2546 1565 2601 pertinenciis
1590 2547 1717 2588 simul
1748 2561 1843 2588 cum
1874 2547 2070 2588 omnibus

118 2632 370 2688 supradictis
391 2633 526 2684 terris,
549 2637 614 2675 etc
618 2667 763 2676 .....
787 2635 989 2677 eschaetis
1001 2635 1174 2678 herietis
1191 2652 1286 2678 cum
1300 2636 1497 2678 omnibus
1513 2637 1598 2678 suis
1611 2636 1882 2692 pertinenciis
1901 2637 2068 2692 integre

118 2726 385 2765 revertentur
400 2724 537 2765 eidem
551 2724 755 2769 RICARDO
778 2725 999 2768 SCURLAG'
1017 2730 1060 2769 et
1073 2727 1298 2769 heredibus
1318 2727 1515 2769 masculis
1528 2728 1579 2769 de
1597 2743 1766 2783 corpore
1782 2743 1857 2769 suo
1876 2727 2068 2783 legitime

118 2813 356 2868 procreatis.
420 2813 673 2856 Tenendum
689 2818 733 2857 et
752 2815 997 2858 habendum
1017 2817 1218 2872 predictis
1233 2818 1423 2860 manerio
1444 2818 1485 2859 d.
1510 2817 1551 2859 S.
1576 2825 1617 2859 et
1639 2817 1692 2859 B.
1716 2833 1812 2859 cum
1833 2818 1918 2858 suis
1938 2817 2068 2872 perti-

118 2904 279 2946 nenciis
299 2904 427 2947 simul
448 2920 544 2947 cum
565 2905 762 2948 omnibus
782 2908 1034 2962 supradictis
1063 2909 1187 2950 terris
1217 2908 1471 2950 tenementis
1500 2907 1748 2960 redditibus,
1781 2911 1844 2949 etc
1848 2940 2066 2951 ......

119 2995 322 3038 eschaetis
342 2999 385 3039 et
404 2996 577 3040 herietis
598 3013 694 3040 cum
716 2999 802 3040 suis
821 3000 1093 3054 pertinenciis
1114 3000 1251 3042 eidem
1282 3000 1486 3042 chARno
1518 2999 1739 3042 SCURLAG'
1772 3003 1813 3041 et
1843 2999 2070 3041 heredibus
