<?xml version="1.0" encoding="UTF-8"?>
<!DOCTYPE html PUBLIC "-//W3C//DTD XHTML 1.0 Transitional//EN"
    "http://www.w3.org/TR/xhtml1/DTD/xhtml1-transitional.dtd">
<html xmlns="http://www.w3.org/1999/xhtml" xml:lang="en" lang="en">
 <head>
  <title>
</title>
<meta http-equiv="Content-Type" content="text/html;charset=utf-8" />
  <meta name='ocr-system' content='tesseract 3.04.00' />
  <meta name='ocr-capabilities' content='ocr_page ocr_carea ocr_par ocr_line ocrx_word'/>
</head>
<body>
  <div class='ocr_page' id='page_1' title='image "./cartaeetaliamuni04claruoft_0420.png"; bbox 0 0 2386 3645; ppageno 0'>
   <div class='ocr_carea' id='block_1_1' title="bbox 280 272 389 312">
    <p class='ocr_par' dir='ltr' id='par_1_1' title="bbox 280 272 389 312">
     <span class='ocr_line' id='line_1_1' title="bbox 280 272 389 312; baseline 0 0"><span class='ocrx_word' id='word_1_1' title='bbox 280 272 389 312; x_wconf 90' lang='grc'>1506</span> 
     </span>
    </p>
   </div>
   <div class='ocr_carea' id='block_1_2' title="bbox 210 475 2164 1535">
    <p class='ocr_par' dir='ltr' id='par_1_2' title="bbox 215 475 2164 1082">
     <span class='ocr_line' id='line_1_2' title="bbox 222 475 2164 536; baseline 0.006 -21"><span class='ocrx_word' id='word_1_2' title='bbox 222 488 319 515; x_wconf 90' lang='lat' dir='ltr'>vero</span> <span class='ocrx_word' id='word_1_3' title='bbox 355 475 546 518; x_wconf 90' lang='lat' dir='ltr'>omnium</span> <span class='ocrx_word' id='word_1_4' title='bbox 586 480 629 519; x_wconf 92' lang='lat' dir='ltr'>et</span> <span class='ocrx_word' id='word_1_5' title='bbox 672 478 938 534; x_wconf 87' lang='lat' dir='ltr'>singulorum</span> <span class='ocrx_word' id='word_1_6' title='bbox 978 480 1052 535; x_wconf 82' lang='lat' dir='ltr'>qui</span> <span class='ocrx_word' id='word_1_7' title='bbox 1093 481 1280 536; x_wconf 78' lang='lat' dir='ltr'>prefatas</span> <span class='ocrx_word' id='word_1_8' title='bbox 1320 485 1485 525; x_wconf 90' lang='lat' dir='ltr'>nostras</span> <span class='ocrx_word' id='word_1_9' title='bbox 1525 483 1757 525; x_wconf 79' lang='lat' dir='ltr'>sentencias</span> <span class='ocrx_word' id='word_1_10' title='bbox 1796 483 2050 525; x_wconf 76' lang='lat' dir='ltr'>incurrerint</span> <span class='ocrx_word' id='word_1_11' title='bbox 2089 498 2164 526; x_wconf 88' lang='lat' dir='ltr'>seu</span> 
     </span>
     <span class='ocr_line' id='line_1_3' title="bbox 215 563 2157 627; baseline 0.006 -22"><span class='ocrx_word' id='word_1_12' title='bbox 215 563 432 607; x_wconf 86' lang='lat' dir='ltr'>incurrent</span> <span class='ocrx_word' id='word_1_13' title='bbox 453 570 748 622; x_wconf 87' lang='lat' dir='ltr'>quoquomodo</span> <span class='ocrx_word' id='word_1_14' title='bbox 775 569 896 612; x_wconf 88' lang='lat' dir='ltr'>nobis</span> <span class='ocrx_word' id='word_1_15' title='bbox 927 572 995 613; x_wconf 89' lang='lat' dir='ltr'>vel</span> <span class='ocrx_word' id='word_1_16' title='bbox 1030 573 1233 627; x_wconf 89' lang='lat' dir='ltr'>superiori</span> <span class='ocrx_word' id='word_1_17' title='bbox 1264 576 1408 616; x_wconf 89' lang='lat' dir='ltr'>nostro</span> <span class='ocrx_word' id='word_1_18' title='bbox 1439 575 1734 616; x_wconf 89' lang='lat' dir='ltr'>tantummodo</span> <span class='ocrx_word' id='word_1_19' title='bbox 1763 589 2038 616; x_wconf 82' lang='lat' dir='ltr'>reservamus.</span> <span class='ocrx_word' id='word_1_20' title='bbox 2100 574 2157 617; x_wconf 88' lang='lat' dir='ltr'>In</span> 
     </span>
     <span class='ocr_line' id='line_1_4' title="bbox 217 658 2158 720; baseline 0.005 -23"><span class='ocrx_word' id='word_1_21' title='bbox 217 670 397 710; x_wconf 89' lang='lat' dir='ltr'>quorum</span> <span class='ocrx_word' id='word_1_22' title='bbox 437 658 627 701; x_wconf 90' lang='lat' dir='ltr'>omnium</span> <span class='ocrx_word' id='word_1_23' title='bbox 662 663 704 702; x_wconf 82' lang='lat' dir='ltr'>et</span> <span class='ocrx_word' id='word_1_24' title='bbox 743 661 1008 717; x_wconf 88' lang='lat' dir='ltr'>singulorum</span> <span class='ocrx_word' id='word_1_25' title='bbox 1049 663 1178 705; x_wconf 88' lang='lat' dir='ltr'>fidem</span> <span class='ocrx_word' id='word_1_26' title='bbox 1211 666 1253 706; x_wconf 88' lang='lat' dir='ltr'>et</span> <span class='ocrx_word' id='word_1_27' title='bbox 1285 664 1576 706; x_wconf 85' lang='lat' dir='ltr'>testimonium</span> <span class='ocrx_word' id='word_1_28' title='bbox 1610 664 1909 720; x_wconf 82' lang='lat' dir='ltr'>premissorum</span> <span class='ocrx_word' id='word_1_29' title='bbox 1944 668 2158 720; x_wconf 78' lang='lat' dir='ltr'>presentes</span> 
     </span>
     <span class='ocr_line' id='line_1_5' title="bbox 217 745 2156 811; baseline 0.006 -24"><span class='ocrx_word' id='word_1_30' title='bbox 217 745 382 789; x_wconf 74' lang='lat' dir='ltr'>litteras</span> <span class='ocrx_word' id='word_1_31' title='bbox 414 763 487 790; x_wconf 88' lang='lat' dir='ltr'>seu</span> <span class='ocrx_word' id='word_1_32' title='bbox 522 764 690 804; x_wconf 84' lang='lat' dir='ltr'>presens</span> <span class='ocrx_word' id='word_1_33' title='bbox 720 751 937 806; x_wconf 85' lang='lat' dir='ltr'>publicum</span> <span class='ocrx_word' id='word_1_34' title='bbox 969 753 1303 796; x_wconf 80' lang='lat' dir='ltr'>instrumentum</span> <span class='ocrx_word' id='word_1_35' title='bbox 1334 755 1583 811; x_wconf 85' lang='lat' dir='ltr'>hujusmodi</span> <span class='ocrx_word' id='word_1_36' title='bbox 1616 758 1804 797; x_wconf 88' lang='lat' dir='ltr'>nostram</span> <span class='ocrx_word' id='word_1_37' title='bbox 1834 756 2156 811; x_wconf 88' lang='lat' dir='ltr'>compulsoriam</span> 
     </span>
     <span class='ocr_line' id='line_1_6' title="bbox 217 836 2156 902; baseline 0.006 -24"><span class='ocrx_word' id='word_1_38' title='bbox 217 836 262 878; x_wconf 87' lang='lat' dir='ltr'>in</span> <span class='ocrx_word' id='word_1_39' title='bbox 285 852 326 879; x_wconf 87' lang='lat' dir='ltr'>se</span> <span class='ocrx_word' id='word_1_40' title='bbox 347 839 610 882; x_wconf 68' lang='lat' dir='ltr'>continentes</span> <span class='ocrx_word' id='word_1_41' title='bbox 631 856 704 883; x_wconf 89' lang='lat' dir='ltr'>seu</span> <span class='ocrx_word' id='word_1_42' title='bbox 733 843 952 885; x_wconf 88' lang='lat' dir='ltr'>continens</span> <span class='ocrx_word' id='word_1_43' title='bbox 980 844 1133 885; x_wconf 79' lang='lat' dir='ltr'>exinde</span> <span class='ocrx_word' id='word_1_44' title='bbox 1156 845 1246 886; x_wconf 86' lang='lat' dir='ltr'>fieri</span> <span class='ocrx_word' id='word_1_45' title='bbox 1267 849 1308 887; x_wconf 88' lang='lat' dir='ltr'>et</span> <span class='ocrx_word' id='word_1_46' title='bbox 1329 861 1403 901; x_wconf 92' lang='lat' dir='ltr'>per</span> <span class='ocrx_word' id='word_1_47' title='bbox 1422 846 1452 888; x_wconf 87' lang='lat' dir='ltr'><strong>J</strong></span> <span class='ocrx_word' id='word_1_48' title='bbox 1454 861 1679 888; x_wconf 75' lang='grc' dir='ltr'><strong>οΗΑΝΝΕΜ</strong></span> <span class='ocrx_word' id='word_1_49' title='bbox 1702 848 1917 889; x_wconf 86' lang='lat' dir='ltr'>notarium</span> <span class='ocrx_word' id='word_1_50' title='bbox 1938 846 2156 902; x_wconf 82' lang='lat' dir='ltr'>publicum</span> 
     </span>
     <span class='ocr_line' id='line_1_7' title="bbox 215 931 2155 993; baseline 0.006 -24"><span class='ocrx_word' id='word_1_51' title='bbox 215 931 490 985; x_wconf 91' lang='lat' dir='ltr'>nostrumque</span> <span class='ocrx_word' id='word_1_52' title='bbox 521 935 563 973; x_wconf 90' lang='lat' dir='ltr'>et</span> <span class='ocrx_word' id='word_1_53' title='bbox 590 931 837 986; x_wconf 85' lang='lat' dir='ltr'>hujusmodi</span> <span class='ocrx_word' id='word_1_54' title='bbox 868 948 989 975; x_wconf 82' lang='lat' dir='ltr'>cause</span> <span class='ocrx_word' id='word_1_55' title='bbox 1017 949 1155 976; x_wconf 82' lang='lat' dir='ltr'>coram</span> <span class='ocrx_word' id='word_1_56' title='bbox 1189 935 1311 978; x_wconf 89' lang='lat' dir='ltr'>nobis</span> <span class='ocrx_word' id='word_1_57' title='bbox 1342 936 1521 979; x_wconf 89' lang='lat' dir='ltr'>scribam</span> <span class='ocrx_word' id='word_1_58' title='bbox 1540 937 1860 993; x_wconf 77' lang='lat' dir='ltr'>infrascriptum</span> <span class='ocrx_word' id='word_1_59' title='bbox 1881 937 2085 980; x_wconf 82' lang='lat' dir='ltr'>subscribi</span> <span class='ocrx_word' id='word_1_60' title='bbox 2112 941 2155 980; x_wconf 88' lang='lat' dir='ltr'>et</span> 
     </span>
     <span class='ocr_line' id='line_1_8' title="bbox 215 1018 1911 1082; baseline 0.006 -23"><span class='ocrx_word' id='word_1_61' title='bbox 215 1018 421 1073; x_wconf 85' lang='lat' dir='ltr'>publicari</span> <span class='ocrx_word' id='word_1_62' title='bbox 441 1022 737 1064; x_wconf 86' lang='lat' dir='ltr'>mandavimus</span> <span class='ocrx_word' id='word_1_63' title='bbox 758 1024 974 1078; x_wconf 84' lang='lat' dir='ltr'>nostrique</span> <span class='ocrx_word' id='word_1_64' title='bbox 996 1024 1128 1080; x_wconf 89' lang='lat' dir='ltr'>sigilli</span> <span class='ocrx_word' id='word_1_65' title='bbox 1148 1025 1351 1080; x_wconf 83' lang='lat' dir='ltr'>jussimus</span> <span class='ocrx_word' id='word_1_66' title='bbox 1372 1028 1627 1082; x_wconf 86' lang='lat' dir='ltr'>appensione</span> <span class='ocrx_word' id='word_1_67' title='bbox 1649 1028 1911 1070; x_wconf 86' lang='lat' dir='ltr'>communiri.</span> 
     </span>
    </p>

    <p class='ocr_par' dir='ltr' id='par_1_3' title="bbox 210 1109 2157 1535">
     <span class='ocr_line' id='line_1_9' title="bbox 273 1109 2154 1161; baseline 0.005 -10"><span class='ocrx_word' id='word_1_68' title='bbox 273 1109 437 1152; x_wconf 86' lang='lat' dir='ltr'>Datum</span> <span class='ocrx_word' id='word_1_69' title='bbox 470 1117 512 1152; x_wconf 87' lang='lat' dir='ltr'>et</span> <span class='ocrx_word' id='word_1_70' title='bbox 546 1117 687 1154; x_wconf 83' lang='lat' dir='ltr'>actum</span> <span class='ocrx_word' id='word_1_71' title='bbox 723 1112 858 1155; x_wconf 81' lang='lat' dir='ltr'>RoME</span> <span class='ocrx_word' id='word_1_72' title='bbox 894 1116 938 1156; x_wconf 90' lang='lat' dir='ltr'>in</span> <span class='ocrx_word' id='word_1_73' title='bbox 971 1116 1096 1157; x_wconf 90' lang='lat' dir='ltr'>domo</span> <span class='ocrx_word' id='word_1_74' title='bbox 1133 1115 1410 1158; x_wconf 86' lang='lat' dir='ltr'>habitacionis</span> <span class='ocrx_word' id='word_1_75' title='bbox 1444 1121 1586 1159; x_wconf 91' lang='lat' dir='ltr'>nostre</span> <span class='ocrx_word' id='word_1_76' title='bbox 1619 1118 1696 1160; x_wconf 88' lang='lat' dir='ltr'>sub</span> <span class='ocrx_word' id='word_1_77' title='bbox 1732 1134 1844 1160; x_wconf 90' lang='lat' dir='ltr'>anno</span> <span class='ocrx_word' id='word_1_78' title='bbox 1874 1134 1899 1160; x_wconf 92' lang='lat' dir='ltr'>a</span> <span class='ocrx_word' id='word_1_79' title='bbox 1928 1119 2154 1161; x_wconf 83' lang='lat' dir='ltr'>nativitate</span> 
     </span>
     <span class='ocr_line' id='line_1_10' title="bbox 214 1200 2157 1264; baseline 0.006 -23"><span class='ocrx_word' id='word_1_80' title='bbox 214 1200 376 1242; x_wconf 84' lang='lat' dir='ltr'>domini</span> <span class='ocrx_word' id='word_1_81' title='bbox 411 1202 635 1245; x_wconf 92' lang='lat' dir='ltr'>millesimo</span> <span class='ocrx_word' id='word_1_82' title='bbox 670 1204 1089 1260; x_wconf 86' lang='lat' dir='ltr'>quadringentesimo</span> <span class='ocrx_word' id='word_1_83' title='bbox 1122 1206 1320 1249; x_wconf 84' lang='lat' dir='ltr'>vicesimo</span> <span class='ocrx_word' id='word_1_84' title='bbox 1355 1208 1483 1249; x_wconf 89' lang='lat' dir='ltr'>tercio</span> <span class='ocrx_word' id='word_1_85' title='bbox 1518 1208 1749 1251; x_wconf 89' lang='lat' dir='ltr'>indictione</span> <span class='ocrx_word' id='word_1_86' title='bbox 1784 1209 1922 1264; x_wconf 88' lang='lat' dir='ltr'>prima</span> <span class='ocrx_word' id='word_1_87' title='bbox 1956 1209 2025 1251; x_wconf 79' lang='lat' dir='ltr'>die</span> <span class='ocrx_word' id='word_1_88' title='bbox 2057 1224 2157 1252; x_wconf 89' lang='lat' dir='ltr'>vero</span> 
     </span>
     <span class='ocr_line' id='line_1_11' title="bbox 212 1290 2156 1355; baseline 0.005 -23"><span class='ocrx_word' id='word_1_89' title='bbox 212 1290 391 1333; x_wconf 78' lang='lat' dir='ltr'>MARTIS</span> <span class='ocrx_word' id='word_1_90' title='bbox 426 1294 719 1336; x_wconf 86' lang='lat' dir='ltr'>terciadecima</span> <span class='ocrx_word' id='word_1_91' title='bbox 753 1296 908 1337; x_wconf 91' lang='lat' dir='ltr'>mensis</span> <span class='ocrx_word' id='word_1_92' title='bbox 942 1295 1107 1351; x_wconf 88' lang='lat' dir='ltr'>Aprilis</span> <span class='ocrx_word' id='word_1_93' title='bbox 1147 1296 1426 1340; x_wconf 88' lang='lat' dir='ltr'>Pontificatus</span> <span class='ocrx_word' id='word_1_94' title='bbox 1465 1298 1622 1354; x_wconf 80' lang='lat' dir='ltr'>prefati</span> <span class='ocrx_word' id='word_1_95' title='bbox 1662 1299 1824 1341; x_wconf 90' lang='lat' dir='ltr'>domini</span> <span class='ocrx_word' id='word_1_96' title='bbox 1864 1300 1998 1342; x_wconf 89' lang='lat' dir='ltr'>nostri</span> <span class='ocrx_word' id='word_1_97' title='bbox 2038 1299 2156 1355; x_wconf 87' lang='lat' dir='ltr'>Pape</span> 
     </span>
     <span class='ocr_line' id='line_1_12' title="bbox 210 1380 2156 1446; baseline 0.005 -24"><span class='ocrx_word' id='word_1_98' title='bbox 210 1380 421 1424; x_wconf 79' lang='lat' dir='ltr'>MARTINI</span> <span class='ocrx_word' id='word_1_99' title='bbox 473 1384 612 1438; x_wconf 89' lang='lat' dir='ltr'>quinti</span> <span class='ocrx_word' id='word_1_100' title='bbox 663 1400 775 1427; x_wconf 88' lang='lat' dir='ltr'>anno</span> <span class='ocrx_word' id='word_1_101' title='bbox 825 1388 955 1428; x_wconf 87' lang='lat' dir='ltr'>sexto.</span> <span class='ocrx_word' id='word_1_102' title='bbox 1019 1386 1293 1429; x_wconf 87' lang='lat' dir='ltr'>Presentibus</span> <span class='ocrx_word' id='word_1_103' title='bbox 1343 1387 1502 1430; x_wconf 89' lang='lat' dir='ltr'>ibidem</span> <span class='ocrx_word' id='word_1_104' title='bbox 1552 1389 1741 1431; x_wconf 88' lang='lat' dir='ltr'>discretis</span> <span class='ocrx_word' id='word_1_105' title='bbox 1791 1389 1893 1431; x_wconf 92' lang='lat' dir='ltr'>viris</span> <span class='ocrx_word' id='word_1_106' title='bbox 1941 1390 2156 1446; x_wconf 85' lang='lat' dir='ltr'>magistris</span> 
     </span>
     <span class='ocr_line' id='line_1_13' title="bbox 210 1471 2155 1535; baseline 0.005 -22"><span class='ocrx_word' id='word_1_107' title='bbox 210 1471 240 1514; x_wconf 84' lang='lat' dir='ltr'>J</span> <span class='ocrx_word' id='word_1_108' title='bbox 242 1486 429 1514; x_wconf 82' lang='lat' dir='ltr'><strong>OHANNE</strong></span> <span class='ocrx_word' id='word_1_109' title='bbox 462 1473 680 1517; x_wconf 77' lang='lat' dir='ltr'>HELLING</span> <span class='ocrx_word' id='word_1_110' title='bbox 703 1479 745 1517; x_wconf 89' lang='lat' dir='ltr'>et</span> <span class='ocrx_word' id='word_1_111' title='bbox 766 1475 933 1518; x_wconf 78' lang='lat' dir='ltr'>THOMA</span> <span class='ocrx_word' id='word_1_112' title='bbox 956 1477 1084 1519; x_wconf 76' lang='lat' dir='ltr'>Rom:</span> <span class='ocrx_word' id='word_1_113' title='bbox 1105 1478 1151 1519; x_wconf 89' lang='lat' dir='ltr'>in</span> <span class='ocrx_word' id='word_1_114' title='bbox 1184 1478 1383 1520; x_wconf 82' lang='lat' dir='ltr'><strong>ROMANA</strong></span> <span class='ocrx_word' id='word_1_115' title='bbox 1404 1479 1520 1521; x_wconf 88' lang='lat' dir='ltr'>curia</span> <span class='ocrx_word' id='word_1_116' title='bbox 1542 1479 1894 1535; x_wconf 83' lang='lat' dir='ltr'>procuratoribus.</span> <span class='ocrx_word' id='word_1_117' title='bbox 1957 1480 2155 1523; x_wconf 82' lang='lat' dir='ltr'>Testibus</span> 
     </span>
    </p>
   </div>
   <div class='ocr_carea' id='block_1_3' title="bbox 209 1564 1179 1624">
    <p class='ocr_par' dir='ltr' id='par_1_4' title="bbox 209 1564 1179 1624">
     <span class='ocr_line' id='line_1_14' title="bbox 209 1564 1179 1624; baseline 0.006 -20"><span class='ocrx_word' id='word_1_118' title='bbox 209 1564 265 1604; x_wconf 88' lang='lat' dir='ltr'>ad</span> <span class='ocrx_word' id='word_1_119' title='bbox 286 1564 488 1619; x_wconf 87' lang='lat' dir='ltr'>premissa</span> <span class='ocrx_word' id='word_1_120' title='bbox 509 1566 668 1607; x_wconf 84' lang='lat' dir='ltr'>vocatis</span> <span class='ocrx_word' id='word_1_121' title='bbox 688 1567 925 1621; x_wconf 84' lang='lat' dir='ltr'>specialiter</span> <span class='ocrx_word' id='word_1_122' title='bbox 945 1572 987 1610; x_wconf 87' lang='lat' dir='ltr'>et</span> <span class='ocrx_word' id='word_1_123' title='bbox 1007 1569 1179 1624; x_wconf 87' lang='lat' dir='ltr'>rogatis.</span> 
     </span>
    </p>
   </div>
   <div class='ocr_carea' id='block_1_4' title="bbox 220 1654 2155 1809">
    <p class='ocr_par' dir='ltr' id='par_1_5' title="bbox 220 1654 2155 1809">
     <span class='ocr_line' id='line_1_15' title="bbox 221 1654 2154 1706; baseline 0.004 -7"><span class='ocrx_word' id='word_1_124' title='bbox 221 1654 368 1683; x_wconf 73' lang='lat' dir='ltr'>Not-mal</span> <span class='ocrx_word' id='word_1_125' title='bbox 390 1655 480 1684; x_wconf 70' lang='lat' dir='ltr'>marl&lt;</span> <span class='ocrx_word' id='word_1_126' title='bbox 497 1657 530 1684; x_wconf 74' lang='lat' dir='ltr'>Of</span> <span class='ocrx_word' id='word_1_127' title='bbox 551 1666 591 1685; x_wconf 52' lang='grc' dir='ltr'>ΗΠ</span> <span class='ocrx_word' id='word_1_128' title='bbox 608 1666 698 1685; x_wconf 77' lang='lat' dir='ltr'>orna·</span> <span class='ocrx_word' id='word_1_129' title='bbox 806 1659 866 1701; x_wconf 89' lang='lat' dir='ltr'>Et</span> <span class='ocrx_word' id='word_1_130' title='bbox 886 1675 954 1701; x_wconf 92' lang='lat' dir='ltr'>me</span> <span class='ocrx_word' id='word_1_131' title='bbox 975 1660 1004 1702; x_wconf 90' lang='lat' dir='ltr'><strong>J</strong></span> <span class='ocrx_word' id='word_1_132' title='bbox 1007 1674 1195 1702; x_wconf 82' lang='lat' dir='ltr'><strong>OHANNE</strong></span> <span class='ocrx_word' id='word_1_133' title='bbox 1227 1661 1522 1704; x_wconf 75' lang='lat' dir='ltr'><strong>REBORGELLI</strong></span> <span class='ocrx_word' id='word_1_134' title='bbox 1555 1663 1703 1705; x_wconf 85' lang='lat' dir='ltr'>clerico</span> <span class='ocrx_word' id='word_1_135' title='bbox 1733 1662 2036 1706; x_wconf 77' lang='lat' dir='ltr'>LUCIONENSIS</span> <span class='ocrx_word' id='word_1_136' title='bbox 2066 1664 2154 1706; x_wconf 89' lang='lat' dir='ltr'>dio-</span> 
     </span>
     <span class='ocr_line' id='line_1_16' title="bbox 220 1710 694 1750; baseline 0.006 -12"><span class='ocrx_word' id='word_1_137' title='bbox 220 1710 339 1738; x_wconf 69' lang='lat' dir='ltr'>mental</span> <span class='ocrx_word' id='word_1_138' title='bbox 388 1720 484 1748; x_wconf 78' lang='lat' dir='ltr'>cross,</span> <span class='ocrx_word' id='word_1_139' title='bbox 529 1713 694 1750; x_wconf 82' lang='lat' dir='ltr'>enclosing</span> 
     </span>
     <span class='ocr_line' id='line_1_17' title="bbox 220 1750 2155 1809; baseline 0.003 -18"><span class='ocrx_word' id='word_1_140' title='bbox 220 1765 394 1794; x_wconf 64' lang='lat' dir='ltr'>theinmal</span> <span class='ocrx_word' id='word_1_141' title='bbox 411 1767 576 1796; x_wconf 77' lang='lat' dir='ltr'>1etter‘1.’</span> <span class='ocrx_word' id='word_1_142' title='bbox 747 1750 849 1792; x_wconf 86' lang='lat' dir='ltr'>cesis</span> <span class='ocrx_word' id='word_1_143' title='bbox 876 1750 1044 1806; x_wconf 91' lang='lat' dir='ltr'>publico</span> <span class='ocrx_word' id='word_1_144' title='bbox 1073 1752 1300 1808; x_wconf 84' lang='lat' dir='ltr'>apostolica</span> <span class='ocrx_word' id='word_1_145' title='bbox 1328 1756 1370 1795; x_wconf 91' lang='lat' dir='ltr'>et</span> <span class='ocrx_word' id='word_1_146' title='bbox 1397 1754 1608 1809; x_wconf 89' lang='lat' dir='ltr'>imperiali</span> <span class='ocrx_word' id='word_1_147' title='bbox 1635 1754 1956 1796; x_wconf 87' lang='lat' dir='ltr'>auctoritatibus</span> <span class='ocrx_word' id='word_1_148' title='bbox 1993 1755 2155 1797; x_wconf 88' lang='lat' dir='ltr'>notario</span> 
     </span>
    </p>
   </div>
   <div class='ocr_carea' id='block_1_5' title="bbox 203 1841 2155 3081">
    <p class='ocr_par' dir='ltr' id='par_1_6' title="bbox 205 1841 2155 2535">
     <span class='ocr_line' id='line_1_18' title="bbox 207 1841 2154 1900; baseline 0.004 -19"><span class='ocrx_word' id='word_1_149' title='bbox 207 1841 510 1896; x_wconf 87' lang='lat' dir='ltr'>reverendique</span> <span class='ocrx_word' id='word_1_150' title='bbox 551 1842 683 1896; x_wconf 89' lang='lat' dir='ltr'>patris</span> <span class='ocrx_word' id='word_1_151' title='bbox 718 1842 881 1884; x_wconf 85' lang='lat' dir='ltr'>domim&#39;</span> <span class='ocrx_word' id='word_1_152' title='bbox 920 1842 950 1885; x_wconf 84' lang='lat' dir='ltr'><strong>J</strong></span> <span class='ocrx_word' id='word_1_153' title='bbox 952 1857 1152 1885; x_wconf 77' lang='lat' dir='ltr'>oHANMs</span> <span class='ocrx_word' id='word_1_154' title='bbox 1193 1845 1246 1886; x_wconf 90' lang='lat' dir='ltr'>de</span> <span class='ocrx_word' id='word_1_155' title='bbox 1287 1844 1466 1886; x_wconf 85' lang='lat' dir='ltr'>OPPIZIS</span> <span class='ocrx_word' id='word_1_156' title='bbox 1507 1845 1713 1887; x_wconf 88' lang='lat' dir='ltr'>auditoris</span> <span class='ocrx_word' id='word_1_157' title='bbox 1754 1846 1909 1900; x_wconf 82' lang='lat' dir='ltr'>prefati</span> <span class='ocrx_word' id='word_1_158' title='bbox 1949 1849 1992 1888; x_wconf 89' lang='lat' dir='ltr'>et</span> <span class='ocrx_word' id='word_1_159' title='bbox 2032 1861 2154 1889; x_wconf 90' lang='lat' dir='ltr'>cause</span> 
     </span>
     <span class='ocr_line' id='line_1_19' title="bbox 206 1930 2155 1992; baseline 0.004 -20"><span class='ocrx_word' id='word_1_160' title='bbox 206 1930 455 1986; x_wconf 84' lang='lat' dir='ltr'>hujusmodi</span> <span class='ocrx_word' id='word_1_161' title='bbox 496 1947 634 1975; x_wconf 91' lang='lat' dir='ltr'>coram</span> <span class='ocrx_word' id='word_1_162' title='bbox 676 1948 724 1975; x_wconf 90' lang='lat' dir='ltr'>eo</span> <span class='ocrx_word' id='word_1_163' title='bbox 765 1934 899 1976; x_wconf 87' lang='lat' dir='ltr'>scriba</span> <span class='ocrx_word' id='word_1_164' title='bbox 942 1935 1016 1989; x_wconf 91' lang='lat' dir='ltr'>qui</span> <span class='ocrx_word' id='word_1_165' title='bbox 1060 1935 1273 1990; x_wconf 89' lang='lat' dir='ltr'>premissis</span> <span class='ocrx_word' id='word_1_166' title='bbox 1315 1936 1511 1978; x_wconf 90' lang='lat' dir='ltr'>omnibus</span> <span class='ocrx_word' id='word_1_167' title='bbox 1552 1940 1594 1978; x_wconf 89' lang='lat' dir='ltr'>et</span> <span class='ocrx_word' id='word_1_168' title='bbox 1634 1936 1815 1992; x_wconf 87' lang='lat' dir='ltr'>singulis</span> <span class='ocrx_word' id='word_1_169' title='bbox 1855 1939 1958 1978; x_wconf 86' lang='lat' dir='ltr'>dum</span> <span class='ocrx_word' id='word_1_170' title='bbox 1999 1937 2056 1979; x_wconf 91' lang='lat' dir='ltr'>sic</span> <span class='ocrx_word' id='word_1_171' title='bbox 2106 1941 2155 1980; x_wconf 93' lang='lat' dir='ltr'>ut</span> 
     </span>
     <span class='ocr_line' id='line_1_20' title="bbox 205 2023 2154 2083; baseline 0.004 -20"><span class='ocrx_word' id='word_1_172' title='bbox 205 2023 468 2077; x_wconf 85' lang='lat' dir='ltr'>premittitur</span> <span class='ocrx_word' id='word_1_173' title='bbox 497 2027 727 2080; x_wconf 80' lang='lat' dir='ltr'>agerentur</span> <span class='ocrx_word' id='word_1_174' title='bbox 752 2030 794 2067; x_wconf 88' lang='lat' dir='ltr'>et</span> <span class='ocrx_word' id='word_1_175' title='bbox 823 2026 973 2067; x_wconf 86' lang='lat' dir='ltr'>fierent</span> <span class='ocrx_word' id='word_1_176' title='bbox 1006 2041 1190 2068; x_wconf 88' lang='lat' dir='ltr'>unacum</span> <span class='ocrx_word' id='word_1_177' title='bbox 1223 2027 1528 2083; x_wconf 85' lang='lat' dir='ltr'>prenominatis</span> <span class='ocrx_word' id='word_1_178' title='bbox 1562 2027 1741 2070; x_wconf 89' lang='lat' dir='ltr'>testibus</span> <span class='ocrx_word' id='word_1_179' title='bbox 1773 2043 1943 2083; x_wconf 88' lang='lat' dir='ltr'>presens</span> <span class='ocrx_word' id='word_1_180' title='bbox 1975 2028 2154 2071; x_wconf 73' lang='lat' dir='ltr'>interfui</span> 
     </span>
     <span class='ocr_line' id='line_1_21' title="bbox 208 2114 2155 2176; baseline 0.004 -22"><span class='ocrx_word' id='word_1_181' title='bbox 208 2128 339 2168; x_wconf 90' lang='lat' dir='ltr'>eaque</span> <span class='ocrx_word' id='word_1_182' title='bbox 361 2114 504 2156; x_wconf 90' lang='lat' dir='ltr'>omnia</span> <span class='ocrx_word' id='word_1_183' title='bbox 525 2118 567 2156; x_wconf 89' lang='lat' dir='ltr'>et</span> <span class='ocrx_word' id='word_1_184' title='bbox 589 2116 759 2171; x_wconf 87' lang='lat' dir='ltr'>singula</span> <span class='ocrx_word' id='word_1_185' title='bbox 780 2117 838 2158; x_wconf 89' lang='lat' dir='ltr'>sic</span> <span class='ocrx_word' id='word_1_186' title='bbox 858 2117 949 2159; x_wconf 89' lang='lat' dir='ltr'>fieri</span> <span class='ocrx_word' id='word_1_187' title='bbox 969 2117 1058 2159; x_wconf 89' lang='lat' dir='ltr'>vidi</span> <span class='ocrx_word' id='word_1_188' title='bbox 1079 2121 1120 2160; x_wconf 85' lang='lat' dir='ltr'>et</span> <span class='ocrx_word' id='word_1_189' title='bbox 1142 2118 1290 2160; x_wconf 82' lang='lat' dir='ltr'>audivi</span> <span class='ocrx_word' id='word_1_190' title='bbox 1311 2121 1353 2160; x_wconf 90' lang='lat' dir='ltr'>et</span> <span class='ocrx_word' id='word_1_191' title='bbox 1372 2118 1418 2160; x_wconf 89' lang='lat' dir='ltr'>in</span> <span class='ocrx_word' id='word_1_192' title='bbox 1439 2118 1548 2160; x_wconf 87' lang='lat' dir='ltr'>hano</span> <span class='ocrx_word' id='word_1_193' title='bbox 1569 2118 1783 2173; x_wconf 88' lang='lat' dir='ltr'>publicam</span> <span class='ocrx_word' id='word_1_194' title='bbox 1804 2119 1987 2161; x_wconf 84' lang='lat' dir='ltr'>formam</span> <span class='ocrx_word' id='word_1_195' title='bbox 2006 2119 2155 2176; x_wconf 87' lang='lat' dir='ltr'>redegi</span> 
     </span>
     <span class='ocr_line' id='line_1_22' title="bbox 207 2204 2155 2266; baseline 0.004 -21"><span class='ocrx_word' id='word_1_196' title='bbox 207 2204 385 2259; x_wconf 88' lang='lat' dir='ltr'>aliisque</span> <span class='ocrx_word' id='word_1_197' title='bbox 417 2209 643 2261; x_wconf 86' lang='lat' dir='ltr'>occupatus</span> <span class='ocrx_word' id='word_1_198' title='bbox 674 2208 861 2263; x_wconf 88' lang='lat' dir='ltr'>negociis</span> <span class='ocrx_word' id='word_1_199' title='bbox 893 2223 968 2264; x_wconf 90' lang='lat' dir='ltr'>per</span> <span class='ocrx_word' id='word_1_200' title='bbox 1000 2209 1134 2251; x_wconf 86' lang='lat' dir='ltr'>alium</span> <span class='ocrx_word' id='word_1_201' title='bbox 1162 2209 1286 2251; x_wconf 88' lang='lat' dir='ltr'>scribi</span> <span class='ocrx_word' id='word_1_202' title='bbox 1318 2209 1399 2252; x_wconf 78' lang='lat' dir='ltr'>feci</span> <span class='ocrx_word' id='word_1_203' title='bbox 1428 2212 1471 2251; x_wconf 93' lang='lat' dir='ltr'>et</span> <span class='ocrx_word' id='word_1_204' title='bbox 1505 2209 1574 2251; x_wconf 88' lang='lat' dir='ltr'>hic</span> <span class='ocrx_word' id='word_1_205' title='bbox 1597 2224 1666 2251; x_wconf 90' lang='lat' dir='ltr'>me</span> <span class='ocrx_word' id='word_1_206' title='bbox 1696 2224 1830 2251; x_wconf 87' lang='lat' dir='ltr'>manu</span> <span class='ocrx_word' id='word_1_207' title='bbox 1860 2225 1955 2252; x_wconf 88' lang='lat' dir='ltr'>mea</span> <span class='ocrx_word' id='word_1_208' title='bbox 1985 2210 2155 2266; x_wconf 91' lang='lat' dir='ltr'>propria</span> 
     </span>
     <span class='ocr_line' id='line_1_23' title="bbox 210 2296 2154 2357; baseline 0.003 -20"><span class='ocrx_word' id='word_1_209' title='bbox 210 2296 433 2352; x_wconf 86' lang='lat' dir='ltr'>subscripsi</span> <span class='ocrx_word' id='word_1_210' title='bbox 461 2300 505 2338; x_wconf 85' lang='lat' dir='ltr'>et</span> <span class='ocrx_word' id='word_1_211' title='bbox 531 2298 654 2353; x_wconf 90' lang='lat' dir='ltr'>signo</span> <span class='ocrx_word' id='word_1_212' title='bbox 682 2313 776 2341; x_wconf 90' lang='lat' dir='ltr'>meo</span> <span class='ocrx_word' id='word_1_213' title='bbox 801 2300 924 2342; x_wconf 88' lang='lat' dir='ltr'>solito</span> <span class='ocrx_word' id='word_1_214' title='bbox 952 2305 995 2342; x_wconf 90' lang='lat' dir='ltr'>et</span> <span class='ocrx_word' id='word_1_215' title='bbox 1025 2303 1223 2343; x_wconf 85' lang='lat' dir='ltr'>consueto</span> <span class='ocrx_word' id='word_1_216' title='bbox 1249 2316 1434 2342; x_wconf 88' lang='lat' dir='ltr'>unacum</span> <span class='ocrx_word' id='word_1_217' title='bbox 1461 2301 1564 2343; x_wconf 90' lang='lat' dir='ltr'>dicti</span> <span class='ocrx_word' id='word_1_218' title='bbox 1596 2301 1759 2343; x_wconf 90' lang='lat' dir='ltr'>domini</span> <span class='ocrx_word' id='word_1_219' title='bbox 1790 2301 1994 2343; x_wconf 88' lang='lat' dir='ltr'>auditoris</span> <span class='ocrx_word' id='word_1_220' title='bbox 2023 2301 2154 2357; x_wconf 87' lang='lat' dir='ltr'>sigilli</span> 
     </span>
     <span class='ocr_line' id='line_1_24' title="bbox 208 2387 2154 2446; baseline 0.003 -19"><span class='ocrx_word' id='word_1_221' title='bbox 208 2387 463 2442; x_wconf 87' lang='lat' dir='ltr'>appensione</span> <span class='ocrx_word' id='word_1_222' title='bbox 495 2388 662 2443; x_wconf 87' lang='lat' dir='ltr'>signavi</span> <span class='ocrx_word' id='word_1_223' title='bbox 695 2424 702 2431; x_wconf 95' lang='lat'><strong>.</strong></span> <span class='ocrx_word' id='word_1_224' title='bbox 736 2394 910 2446; x_wconf 85' lang='lat' dir='ltr'>rogatus</span> <span class='ocrx_word' id='word_1_225' title='bbox 941 2393 983 2432; x_wconf 88' lang='lat' dir='ltr'>et</span> <span class='ocrx_word' id='word_1_226' title='bbox 1012 2391 1239 2446; x_wconf 86' lang='lat' dir='ltr'>requisitus</span> <span class='ocrx_word' id='word_1_227' title='bbox 1269 2392 1314 2432; x_wconf 91' lang='lat' dir='ltr'>in</span> <span class='ocrx_word' id='word_1_228' title='bbox 1345 2391 1474 2433; x_wconf 86' lang='lat' dir='ltr'>fidem</span> <span class='ocrx_word' id='word_1_229' title='bbox 1504 2396 1546 2433; x_wconf 90' lang='lat' dir='ltr'>et</span> <span class='ocrx_word' id='word_1_230' title='bbox 1575 2391 1868 2433; x_wconf 91' lang='lat' dir='ltr'>testimonium</span> <span class='ocrx_word' id='word_1_231' title='bbox 1889 2391 2081 2433; x_wconf 89' lang='lat' dir='ltr'>omnium</span> <span class='ocrx_word' id='word_1_232' title='bbox 2110 2393 2154 2433; x_wconf 93' lang='lat' dir='ltr'>et</span> 
     </span>
     <span class='ocr_line' id='line_1_25' title="bbox 206 2479 802 2535; baseline 0.005 -15"><span class='ocrx_word' id='word_1_233' title='bbox 206 2479 471 2534; x_wconf 88' lang='lat' dir='ltr'>singulorum</span> <span class='ocrx_word' id='word_1_234' title='bbox 492 2480 802 2535; x_wconf 90' lang='lat' dir='ltr'>premissorum.</span> 
     </span>
    </p>

    <p class='ocr_par' dir='ltr' id='par_1_7' title="bbox 205 2569 2154 2716">
     <span class='ocr_line' id='line_1_26' title="bbox 264 2569 2154 2629; baseline 0.003 -19"><span class='ocrx_word' id='word_1_235' title='bbox 264 2569 558 2612; x_wconf 85' lang='lat' dir='ltr'>Endorsed-‘</span> <span class='ocrx_word' id='word_1_236' title='bbox 581 2572 715 2613; x_wconf 83' lang='lat'><strong>1423:</strong></span> <span class='ocrx_word' id='word_1_237' title='bbox 747 2571 822 2614; x_wconf 90' lang='lat' dir='ltr'>An</span> <span class='ocrx_word' id='word_1_238' title='bbox 843 2574 993 2628; x_wconf 87' lang='lat' dir='ltr'>appeal</span> <span class='ocrx_word' id='word_1_239' title='bbox 1024 2577 1067 2616; x_wconf 87' lang='lat' dir='ltr'>to</span> <span class='ocrx_word' id='word_1_240' title='bbox 1098 2573 1215 2629; x_wconf 91' lang='lat' dir='ltr'>Pope</span> <span class='ocrx_word' id='word_1_241' title='bbox 1246 2573 1411 2615; x_wconf 85' lang='lat' dir='ltr'>Martin</span> <span class='ocrx_word' id='word_1_242' title='bbox 1440 2573 1514 2615; x_wconf 89' lang='lat' dir='ltr'>the</span> <span class='ocrx_word' id='word_1_243' title='bbox 1536 2573 1611 2615; x_wconf 86' lang='lat' dir='ltr'>5th</span> <span class='ocrx_word' id='word_1_244' title='bbox 1633 2573 1744 2615; x_wconf 81' lang='lat' dir='ltr'>from</span> <span class='ocrx_word' id='word_1_245' title='bbox 1775 2573 1984 2628; x_wconf 85' lang='lat' dir='ltr'>Meyrick‚</span> <span class='ocrx_word' id='word_1_246' title='bbox 2005 2572 2154 2616; x_wconf 79' lang='lat' dir='ltr'>Abbot</span> 
     </span>
     <span class='ocr_line' id='line_1_27' title="bbox 205 2660 495 2716; baseline 0.003 -15"><span class='ocrx_word' id='word_1_247' title='bbox 205 2660 250 2702; x_wconf 81' lang='lat' dir='ltr'>of</span> <span class='ocrx_word' id='word_1_248' title='bbox 280 2660 495 2716; x_wconf 87' lang='lat' dir='ltr'>Margan.&#39;</span> 
     </span>
    </p>

    <p class='ocr_par' dir='ltr' id='par_1_8' title="bbox 203 2750 2152 3081">
     <span class='ocr_line' id='line_1_28' title="bbox 264 2750 2152 2810; baseline 0.003 -19"><span class='ocrx_word' id='word_1_249' title='bbox 264 2750 497 2806; x_wconf 84' lang='lat' dir='ltr'>Imperfect</span> <span class='ocrx_word' id='word_1_250' title='bbox 527 2753 612 2794; x_wconf 90' lang='lat' dir='ltr'>seal</span> <span class='ocrx_word' id='word_1_251' title='bbox 643 2753 688 2794; x_wconf 90' lang='lat' dir='ltr'>in</span> <span class='ocrx_word' id='word_1_252' title='bbox 710 2753 837 2796; x_wconf 86' lang='lat' dir='ltr'>white</span> <span class='ocrx_word' id='word_1_253' title='bbox 858 2770 967 2807; x_wconf 78' lang='lat' dir='ltr'>wax,</span> <span class='ocrx_word' id='word_1_254' title='bbox 990 2755 1111 2797; x_wconf 84' lang='lat' dir='ltr'>faced</span> <span class='ocrx_word' id='word_1_255' title='bbox 1141 2755 1246 2798; x_wconf 88' lang='lat' dir='ltr'>with</span> <span class='ocrx_word' id='word_1_256' title='bbox 1267 2756 1354 2807; x_wconf 86' lang='lat' dir='ltr'>red,</span> <span class='ocrx_word' id='word_1_257' title='bbox 1376 2755 1552 2810; x_wconf 86' lang='lat' dir='ltr'>pointed</span> <span class='ocrx_word' id='word_1_258' title='bbox 1583 2755 1690 2807; x_wconf 89' lang='lat' dir='ltr'>oval,</span> <span class='ocrx_word' id='word_1_259' title='bbox 1722 2754 1851 2797; x_wconf 90' lang='lat' dir='ltr'>about</span> <span class='ocrx_word' id='word_1_260' title='bbox 1876 2755 1961 2796; x_wconf 74' lang='lat' dir='ltr'>Sin.</span> <span class='ocrx_word' id='word_1_261' title='bbox 1984 2754 2044 2809; x_wconf 93' lang='lat' dir='ltr'>by</span> <span class='ocrx_word' id='word_1_262' title='bbox 2064 2754 2152 2796; x_wconf 80' lang='lat' dir='ltr'>2in.</span> 
     </span>
     <span class='ocr_line' id='line_1_29' title="bbox 203 2840 2152 2902; baseline 0.003 -20"><span class='ocrx_word' id='word_1_263' title='bbox 203 2840 264 2883; x_wconf 82' lang='lat' dir='ltr'>St.</span> <span class='ocrx_word' id='word_1_264' title='bbox 298 2841 415 2883; x_wconf 85' lang='lat' dir='ltr'>John</span> <span class='ocrx_word' id='word_1_265' title='bbox 436 2841 509 2884; x_wconf 91' lang='lat' dir='ltr'>the</span> <span class='ocrx_word' id='word_1_266' title='bbox 531 2842 714 2898; x_wconf 87' lang='lat' dir='ltr'>Baptist‚</span> <span class='ocrx_word' id='word_1_267' title='bbox 737 2844 842 2886; x_wconf 87' lang='lat' dir='ltr'>with</span> <span class='ocrx_word' id='word_1_268' title='bbox 863 2845 935 2887; x_wconf 91' lang='lat' dir='ltr'>the</span> <span class='ocrx_word' id='word_1_269' title='bbox 967 2846 1124 2901; x_wconf 90' lang='lat' dir='ltr'>Agnus</span> <span class='ocrx_word' id='word_1_270' title='bbox 1154 2846 1251 2898; x_wconf 79' lang='lat' dir='ltr'>Dei,</span> <span class='ocrx_word' id='word_1_271' title='bbox 1282 2846 1328 2888; x_wconf 89' lang='lat' dir='ltr'>in</span> <span class='ocrx_word' id='word_1_272' title='bbox 1350 2861 1375 2888; x_wconf 90' lang='lat' dir='ltr'>a</span> <span class='ocrx_word' id='word_1_273' title='bbox 1395 2846 1599 2902; x_wconf 88' lang='lat' dir='ltr'>canopied</span> <span class='ocrx_word' id='word_1_274' title='bbox 1629 2846 1752 2888; x_wconf 88' lang='lat' dir='ltr'>niche</span> <span class='ocrx_word' id='word_1_275' title='bbox 1783 2845 1888 2887; x_wconf 87' lang='lat' dir='ltr'>with</span> <span class='ocrx_word' id='word_1_276' title='bbox 1908 2845 2152 2888; x_wconf 87' lang='lat' dir='ltr'>tabernacle</span> 
     </span>
     <span class='ocr_line' id='line_1_30' title="bbox 203 2932 2152 2992; baseline 0.003 -20"><span class='ocrx_word' id='word_1_277' title='bbox 203 2932 318 2972; x_wconf 87' lang='lat' dir='ltr'>work</span> <span class='ocrx_word' id='word_1_278' title='bbox 349 2935 393 2973; x_wconf 92' lang='lat' dir='ltr'>at</span> <span class='ocrx_word' id='word_1_279' title='bbox 423 2932 496 2974; x_wconf 89' lang='lat' dir='ltr'>the</span> <span class='ocrx_word' id='word_1_280' title='bbox 526 2933 648 2975; x_wconf 88' lang='lat' dir='ltr'>sides.</span> <span class='ocrx_word' id='word_1_281' title='bbox 711 2933 766 2976; x_wconf 91' lang='lat' dir='ltr'>In</span> <span class='ocrx_word' id='word_1_282' title='bbox 797 2934 908 2987; x_wconf 85' lang='lat' dir='ltr'>base,</span> <span class='ocrx_word' id='word_1_283' title='bbox 940 2937 1075 2978; x_wconf 90' lang='lat' dir='ltr'>under</span> <span class='ocrx_word' id='word_1_284' title='bbox 1106 2952 1160 2978; x_wconf 86' lang='lat' dir='ltr'>an</span> <span class='ocrx_word' id='word_1_285' title='bbox 1192 2937 1304 2988; x_wconf 87' lang='lat' dir='ltr'>arch,</span> <span class='ocrx_word' id='word_1_286' title='bbox 1336 2951 1361 2978; x_wconf 92' lang='lat' dir='ltr'>a</span> <span class='ocrx_word' id='word_1_287' title='bbox 1391 2938 1536 2978; x_wconf 86' lang='lat' dir='ltr'>doctor</span> <span class='ocrx_word' id='word_1_288' title='bbox 1556 2936 1754 2992; x_wconf 84' lang='lat' dir='ltr'>praying,</span> <span class='ocrx_word' id='word_1_289' title='bbox 1783 2936 1986 2991; x_wconf 87' lang='lat' dir='ltr'>kneeling</span> <span class='ocrx_word' id='word_1_290' title='bbox 2015 2938 2059 2978; x_wconf 93' lang='lat' dir='ltr'>to</span> <span class='ocrx_word' id='word_1_291' title='bbox 2079 2935 2152 2978; x_wconf 90' lang='lat' dir='ltr'>the</span> 
     </span>
     <span class='ocr_line' id='line_1_31' title="bbox 203 3020 1400 3081; baseline 0.006 -20"><span class='ocrx_word' id='word_1_292' title='bbox 203 3020 293 3062; x_wconf 82' lang='lat' dir='ltr'>left.</span> <span class='ocrx_word' id='word_1_293' title='bbox 357 3021 558 3064; x_wconf 87' lang='lat' dir='ltr'>Between</span> <span class='ocrx_word' id='word_1_294' title='bbox 579 3026 662 3065; x_wconf 90' lang='lat' dir='ltr'>two</span> <span class='ocrx_word' id='word_1_295' title='bbox 684 3025 840 3067; x_wconf 90' lang='lat' dir='ltr'>shields</span> <span class='ocrx_word' id='word_1_296' title='bbox 862 3026 906 3067; x_wconf 81' lang='lat' dir='ltr'>of</span> <span class='ocrx_word' id='word_1_297' title='bbox 937 3041 1061 3078; x_wconf 79' lang='lat' dir='ltr'>arms,</span> <span class='ocrx_word' id='word_1_298' title='bbox 1083 3027 1227 3081; x_wconf 67' lang='lat' dir='ltr'>bandy</span> <span class='ocrx_word' id='word_1_299' title='bbox 1249 3027 1294 3071; x_wconf 81' lang='lat' dir='ltr'>of</span> <span class='ocrx_word' id='word_1_300' title='bbox 1324 3027 1400 3069; x_wconf 81' lang='lat' dir='ltr'>six,</span> 
     </span>
    </p>
   </div>
   <div class='ocr_carea' id='block_1_6' title="bbox 679 3131 1662 3159">
    <p class='ocr_par' dir='ltr' id='par_1_9' title="bbox 679 3131 1662 3159">
     <span class='ocr_line' id='line_1_32' title="bbox 679 3131 1662 3159; baseline 0.002 -2"><span class='ocrx_word' id='word_1_301' title='bbox 679 3148 1040 3159; x_wconf 89' lang='grc'><strong>.........</strong></span> <span class='ocrx_word' id='word_1_302' title='bbox 1077 3131 1283 3159; x_wconf 82' lang='lat' dir='ltr'>DOCTORIS</span> <span class='ocrx_word' id='word_1_303' title='bbox 1307 3151 1315 3159; x_wconf 91' lang='lat'>.</span> <span class='ocrx_word' id='word_1_304' title='bbox 1339 3131 1398 3159; x_wconf 88' lang='lat' dir='ltr'>AV</span> <span class='ocrx_word' id='word_1_305' title='bbox 1431 3150 1440 3159; x_wconf 86' lang='lat'><strong>.</strong></span> <span class='ocrx_word' id='word_1_306' title='bbox 1477 3151 1484 3159; x_wconf 87' lang='lat'><em>.</em></span> <span class='ocrx_word' id='word_1_307' title='bbox 1521 3151 1527 3158; x_wconf 92' lang='lat'><strong>.</strong></span> <span class='ocrx_word' id='word_1_308' title='bbox 1564 3151 1572 3159; x_wconf 89' lang='lat'><em>.</em></span> <span class='ocrx_word' id='word_1_309' title='bbox 1608 3151 1615 3158; x_wconf 95' lang='lat'>.</span> <span class='ocrx_word' id='word_1_310' title='bbox 1654 3150 1662 3159; x_wconf 94' lang='lat'><strong><em>.</em></strong></span> 
     </span>
    </p>
   </div>
  </div>
 </body>
</html>
