2386 3645
1922 305 2030 347 1449

958 578 1284 624 MLXXXIX.

141 686 520 734 QUIT-OLAJM
569 686 656 729 BY
705 686 910 731 DAVID
945 687 1030 731 ΑΡ
1069 689 1099 732 J
1101 688 1278 734 EVAN
1318 690 1592 736 VAGHAN
1631 694 1714 737 ΑΡ
1757 696 1964 742 JEVAN
2006 700 2086 744 ΑΡ

282 777 594 822 GWYLLIM
624 777 702 821 TO
729 777 760 821 J
762 777 940 822 EVAN
969 779 1053 822 ΑΡ
1082 779 1287 824 DAVID
1308 781 1392 825 ΑΡ
1412 782 1442 826 J
1443 783 1620 828 EVAN
1650 785 1733 828 ΑΡ
1764 786 2083 846 GWYLLIM,

281 869 361 912 OF
409 868 587 912 LAND
641 868 715 912 IN
765 869 896 912 THE
946 870 1249 914 DEMESNE
1300 872 1379 916 OF
1428 873 1864 921 TYRYARILTH.

852 960 1085 1017 [MARGAM
1117 962 1373 1021 CHARTER.]

407 1051 611 1095 Momm
632 1065 779 1094 AFTER
799 1051 869 1094 ST.
892 1051 1143 1095 ANDREW'S
1164 1054 1280 1096 DAY.
1343 1056 1368 1096 5
1385 1054 1496 1099 ΠΕΟ.
1558 1058 1583 1098 3
1606 1057 1733 1101 ΗΕΝ.
1757 1058 1839 1103 IV.
1905 1063 2028 1105 1401.

191 1143 346 1186 Pateat
378 1143 586 1186 universis
618 1158 693 1200 per
725 1147 940 1199 presentes
971 1159 1039 1186 me
1071 1145 1225 1188 DAvn)
1257 1161 1311 1205 ap
1344 1146 1375 1190 J
1377 1162 1500 1190 EVAN
1533 1148 1737 1192 VAGHAN
1769 1166 1823 1207 ap
1851 1152 1881 1195 J
1883 1167 2004 1195 EVAN
2032 1169 2086 1210 ap

135 1234 362 1279 Gwnmm
400 1235 610 1277 remisisse
648 1234 858 1277 relaxasse
899 1237 941 1277 et
983 1236 1156 1278 omnino
1196 1252 1272 1293 pro
1310 1253 1379 1281 me
1415 1241 1458 1281 et
1489 1239 1716 1283 heredibus
1751 1242 1856 1285 meis
1891 1243 2084 1299 quietum

134 1328 333 1370 clamasse
354 1327 384 1370 J
387 1341 509 1368 EVAN
531 1341 584 1382 ap
613 1326 770 1369 DAvm
801 1341 854 1383 ap
886 1326 916 1369 J
918 1342 1041 1369 EVAN
1072 1343 1125 1384 ap
1158 1328 1384 1372 GWYLLIM
1414 1330 1640 1374 heredibus
1672 1335 1714 1374 et
1744 1333 1970 1390 assignatis
2001 1335 2086 1379 suis

132 1421 272 1462 totum
305 1418 377 1475 jus
406 1420 449 1461 et
481 1418 681 1460 clamium
712 1419 826 1474 quod
856 1418 991 1461 habeo
1022 1420 1089 1462 vel
1129 1419 1284 1463 habere
1322 1425 1468 1478 potero
1508 1422 1555 1464 in
1584 1423 1782 1467 futurum
1811 1425 1857 1468 in
1889 1426 2085 1470 omnibus

127 1510 254 1554 terris
283 1513 325 1553 et
355 1509 611 1553 tenementis
645 1508 767 1567 [que]
802 1509 1027 1552 LEwssLm
1054 1526 1107 1568 ap
1129 1511 1159 1555 J
1161 1526 1283 1554 EVAN
1303 1512 1508 1556 VAGHAN
1529 1530 1583 1571 ap
1604 1515 1634 1559 J
1636 1530 1759 1558 EVAN
1780 1532 1833 1574 ap
1857 1516 2083 1561 GWYLLIM

129 1602 346 1658 quondam
376 1601 629 1658 perquisivit
663 1601 716 1643 de
750 1601 780 1644 J
783 1616 905 1644 EVAN
938 1601 1143 1645 VAGHAN
1179 1619 1233 1660 ap
1268 1604 1298 1647 J
1301 1619 1423 1647 EVAN
1459 1620 1513 1662 ap
1551 1605 1776 1652 GWYLLIM
1811 1608 1857 1650 in
1893 1609 2081 1653 dominio

129 1693 182 1735 de
204 1692 519 1735 TYRYARILTH.
581 1691 653 1734 Ita
682 1691 880 1734 videlicet
911 1694 1025 1748 quod
1055 1708 1132 1736 nec
1163 1708 1241 1749 ego
1270 1695 1486 1750 predictus
1515 1696 1671 1738 DAvn)
1702 1713 1778 1740 nec
1799 1699 1953 1754 aliquis
1974 1699 2081 1742 alius

129 1783 302 1826 nomine
332 1798 426 1826 meo
457 1783 621 1839 aliquid
650 1783 760 1839 juris
791 1783 859 1826 vel
890 1784 1031 1825 clamii
1058 1785 1103 1826 in
1132 1785 1330 1841 predictis
1362 1786 1485 1828 terris
1517 1790 1558 1829 et
1586 1788 1841 1831 tenementis
1866 1804 1962 1832 cum
1988 1805 2082 1846 per-

127 1875 321 1918 tinentiis
341 1875 428 1917 suis
448 1875 618 1931 exigere
639 1875 707 1917 vel
728 1875 952 1917 vendicare
973 1876 1206 1931 poterimus
1226 1877 1271 1918 in
1292 1877 1488 1920 futurum
1509 1881 1571 1921 set
1598 1879 1699 1922 inde
1729 1881 1919 1923 decetero
1949 1881 2080 1925 simus

127 1967 286 2008 exclusi
317 1980 390 2023 per
419 1969 645 2022 presentes.
708 1965 764 2008 In
796 1966 863 2022 cuj
870 1981 919 2007 us
949 1967 1011 2008 rei
1041 1967 1334 2010 testimonium
1364 1968 1463 2010 huic
1492 1972 1678 2025 presenti
1709 1971 2081 2026 quieteclamancie

125 2058 317 2115 sigillum
336 2072 481 2099 meum
501 2057 649 2113 aposui
674 2057 777 2113 (sic).
842 2057 945 2100 Hiis
966 2058 1146 2100 testibus
1169 2093 1176 2101 .
1201 2058 1371 2101 PHILIP
1392 2075 1446 2116 ap
1474 2060 1503 2103 J
1507 2075 1627 2103 EVAN
1650 2061 1786 2104 THUY
1809 2096 1817 2104 .
1841 2062 2079 2106 KENWRIK

125 2164 178 2205 ap
200 2147 387 2190 MEmuc
411 2181 420 2189 .
443 2147 599 2191 DAvm
620 2163 674 2204 ap
695 2147 724 2191 J
727 2162 850 2190 EVAN
872 2164 925 2205 ap
948 2148 1071 2191 REEs
1092 2164 1146 2204 ap
1168 2149 1360 2193 WILLIM
1380 2150 1410 2193 J
1412 2165 1534 2193 EVAN
1554 2150 1683 2194 Low
1705 2186 1714 2194 .
1737 2156 1780 2195 et
1799 2154 1947 2196 multis
1968 2154 2073 2196 aliis.

180 2239 346 2282 Datum
381 2240 496 2295 apud
528 2238 838 2282 LANGENOITH
875 2240 944 2281 die
979 2239 1106 2282 Lune
1138 2240 1333 2296 proximo
1372 2246 1466 2297 post
1506 2242 1665 2285 festum
1698 2242 1844 2286 Sancti
1876 2245 2073 2288 ANDREE

121 2330 329 2387 appostoli
356 2331 443 2386 (sic)
468 2346 581 2374 anno
601 2331 726 2390 regni
749 2330 885 2389 Regis
905 2331 1112 2374 HENRICI
1134 2332 1275 2388 quarti
1295 2335 1389 2389 post
1412 2337 1688 2389 conquestum
1708 2335 1850 2378 tercio.

177 2421 276 2465 Seal
295 2422 502 2479 wanting.

177 2513 269 2556 The
288 2513 488 2570 pedigree
508 2528 642 2556 seems
664 2516 708 2556 to
728 2512 781 2556 be
800 2529 870 2556 :—

676 2586 873 2624 Gwyllim=

768 2627 852 2672 ...Ι

709 2713 730 2742 J
733 2674 855 2743 eilran=

830 2752 834 2789 Ι

593 2838 615 2867 J
722 2800 903 2878 'Vaghan=
1531 2841 1559 2871 D
1606 2842 1677 2871 1d=

879 2879 883 2917 Ι
1585 2882 1660 2926 ἡΙ

594 2925 709 2994 Dax'fid.
987 2929 1181 3006 Llew'ellyn.
1526 2968 1548 2998 J
1550 2930 1643 2998 exlan.

313 3185 385 3221 8G
