2386 3645
317 268 428 310 1296

1123 494 1330 538 MXVII.

263 604 526 648 PROOESS
557 604 635 647 OF
665 604 796 647 THE
829 602 1084 646 OOUNTY
1115 601 1320 645 COURT
1351 601 1428 643 OF
1460 596 1855 642 GLAMORGAN
1885 595 2200 640 WHEREIN

409 695 546 740 TWO
597 694 813 738 MONKS
863 694 940 737 OF
990 692 1267 736 MARGAM
1306 689 1522 733 ABBEY
1561 687 1690 730 ΑΒΕ
1731 686 2036 730 INDIOTED
2078 686 2201 729 FOR,

407 786 730 839 FELONIES,
772 786 905 828 AND
947 784 1164 828 FOUND
1205 782 1329 825 NOT
1371 779 1624 824 GUILTY.

972 892 1198 948 [MARGAM
1240 886 1497 944 CHARTER]

349 1002 551 1044 MoNDAY
582 1016 753 1044 BEFORE
775 1000 843 1043 ST.
867 998 1173 1042 AUGUSTINE'S
1192 998 1309 1040 DAY.
1370 997 1426 1038 26
1448 995 1569 1037 MAY.
1633 995 1688 1036 32
1710 993 1837 1036 Enw.
1861 992 1952 1035 III.
2017 993 2141 1034 1358.

321 1109 556 1152 Comitatus
597 1108 955 1151 GLAMORGANCIE
995 1109 1139 1148 tentus
1179 1105 1293 1160 apud
1342 1102 1558 1145 KAERDIF
1599 1101 1667 1143 die
1706 1100 1831 1143 Lune
1870 1100 2065 1156 proxima
2104 1102 2204 1142 ante

261 1201 418 1243 festum
450 1199 596 1243 Sancti
628 1199 884 1242 AUGUSTINI
920 1211 1033 1239 anno
1065 1195 1188 1251 regni
1221 1194 1355 1250 Regis
1387 1193 1613 1235 EDWARDI
1645 1191 1762 1234 tertii
1797 1193 1892 1247 post
1929 1191 2206 1245 conquestum

260 1291 472 1333 tricesimo
493 1291 687 1343 secundo,
703 1304 842 1331 coram
864 1287 1093 1331 GILBERTO
1114 1287 1166 1328 de
1186 1285 1450 1327 ELLEsFELD
1465 1287 1568 1326 tunc
1580 1283 1825 1326 vicecomite
1843 1281 2205 1324 GLAMORGANCIE

263 1385 307 1425 et
326 1382 635 1424 MORGANNOK.

319 1471 472 1513 Frater
499 1471 529 1514 J
532 1484 739 1513 OHANNES
762 1502 940 1512 ......
963 1471 1065 1510 111110
1085 1467 1292 1509 allocutus
1312 1467 1367 1508 ad
1388 1468 1544 1508 sectam
1567 1464 1730 1506 domini
1751 1464 1802 1505 de
1824 1478 1872 1506 eo
1894 1463 2008 1518 quod
2031 1461 2208 1504 felonice

263 1565 306 1605 et
336 1565 482 1604 contra
511 1576 656 1617 pacem
687 1559 933 1616 depredavit
959 1558 1114 1601 DAVID
1144 1559 1197 1599 de
1229 1556 1414 1599 Gowm'
1438 1557 1490 1598 de
1518 1570 1588 1598 xv.
1614 1555 1798 1597 denariis
1826 1553 1994 1609 argenti
2024 1553 2138 1608 apud
2166 1552 2207 1595 le

264 1653 455 1695 BonEs
483 1651 606 1694 certis
635 1651 703 1693 die
736 1654 777 1693 et
809 1664 921 1692 anno
953 1683 962 1691 .
995 1649 1055 1691 Et
1089 1648 1222 1690 frater
1253 1647 1441 1689 MEUmc
1471 1647 1523 1688 de
1554 1645 1736 1702 grangia
1766 1646 1819 1687 de
1850 1644 1972 1687 Seint
2003 1642 2205 1686 anm’

261 1744 469 1786 allocutus
508 1744 562 1785 ad
601 1744 756 1785 sectam
795 1741 957 1783 domini
989 1742 1041 1782 de
1077 1755 1125 1782 eo
1160 1740 1274 1795 quod
1307 1739 1397 1795 ipse
1432 1738 1612 1780 felonice
1647 1740 1691 1780 et
1726 1740 1871 1779 contra
1905 1750 2053 1792 pacem
2086 1734 2207 1777 dedit

263 1837 492 1890 argentum
520 1833 661 1876 cibum
688 1836 731 1875 et
757 1833 840 1875 alia
868 1832 1069 1875 victualia
1098 1831 1127 1874 J
1130 1845 1307 1873 OHANNI
1338 1846 1392 1886 ap
1415 1829 1498 1872 GR'
1521 1832 1563 1872 61
1590 1829 1713 1871 REns
1738 1844 1790 1884 ap
1815 1827 1899 1871 GR'
1925 1826 2141 1870 felonibus
2167 1828 2209 1869 et

273 1925 476 1981 utlegatis
520 1924 567 1966 in
616 1923 820 1966 comitatu
858 1924 911 1965 de
960 1922 1176 1964 KAERDIF
1225 1936 1302 1978 pro
1352 1921 1475 1963 certis
1525 1919 1693 1962 feloniis
1736 1918 2053 1960 manutenendo
2098 1917 2212 1973 ipsos

267 2015 430 2058 felones
448 2019 491 2057 et
511 2015 724 2071 utlegatos
744 2017 787 2056 et
807 2029 951 2056 eorum
971 2013 1150 2056 felonias
1173 2048 1181 2055 .
1204 2012 1279 2068 qui
1300 2012 1472 2068 quidem
1499 2011 1529 2054 J
1532 2025 1741 2053 OHANNES
1772 2012 1815 2052 et
1850 2010 2036 2052 Mnumc
2067 2009 2215 2051 dicunt

270 2107 385 2162 quod
411 2109 511 2148 sunt
537 2106 690 2148 fratres
717 2108 759 2147 et
789 2104 975 2147 conversi
996 2104 1162 2146 abbatie
1193 2105 1245 2145 de
1275 2103 1478 2145 MORGAN
1499 2104 1542 2144 et
1562 2101 1738 2158 professi
1766 2101 1811 2143 in
1835 2102 1982 2143 eodem
2003 2100 2150 2142 ordine
2171 2101 2214 2141 et

274 2197 331 2240 616
361 2199 461 2239 sunt
483 2196 673 2238 membra
703 2196 870 2238 ecclesie
898 2199 939 2237 et
967 2210 1053 2237 non
1081 2194 1236 2236 debent
1263 2209 1341 2236 nec
1371 2195 1548 2250 possunt
1576 2193 1827 2248 respondere
1848 2191 1932 2233 nisi
1959 2205 2100 2232 coram
2128 2189 2214 2232 suis

278 2287 514 2339 ordinariis,
536 2289 579 2329 et
608 2286 819 2342 quesitum
851 2288 914 2328 est
941 2285 994 2328 ab
1016 2286 1074 2327 eis
1095 2300 1147 2327 ex
1167 2287 1287 2340 parte
1308 2284 1472 2326 domini
1493 2283 1527 2325 si
1552 2283 1639 2325 sint
1666 2282 1804 2324 clerici
1833 2284 1875 2323 et
1902 2281 2089 2323 ordinati
2115 2283 2157 2323 et
2181 2280 2217 2322 si

278 2378 411 2421 sciant
437 2378 578 2433 legere
608 2379 651 2419 et
681 2376 846 2419 oblatus
866 2379 930 2418 661
950 2376 1008 2418 616
1027 2375 1135 2418 liber
1155 2377 1210 2417 ad
1230 2375 1497 2431 probandum
1517 2389 1598 2425 eos,
1621 2373 1694 2430 qui
1715 2373 1864 2415 dicunt
1884 2373 1996 2428 quod
2017 2374 2118 2414 sunt
2137 2371 2218 2414 viri

277 2468 465 2525 religiosi
486 2471 529 2510 et
554 2467 731 2523 professi
751 2467 797 2509 in
817 2467 963 2509 ordine
994 2482 1067 2509 suo
1088 2467 1274 2522 predicto
1303 2470 1346 2508 et
1371 2481 1458 2508 non
1489 2467 1690 2507 tenentur
1715 2464 1967 2519 respondere
1997 2465 2046 2505 ut
2077 2476 2217 2517 supra,

280 2564 357 2603 etc.
418 2559 478 2601 Et
510 2574 635 2615 super
669 2558 747 2600 hoc
780 2558 900 2600 venit
933 2558 1136 2614 magister
1167 2557 1323 2600 DAvm
1353 2573 1406 2613 ap
1442 2557 1565 2599 Rmzs
1597 2555 1771 2597 clericus
1805 2554 1963 2596 virtute
1995 2553 2219 2609 cujusdam

280 2649 582 2693 commissionis
616 2648 868 2692 venerabilis
906 2647 1038 2704 patris
1073 2647 1235 2690 domini
1270 2647 1452 2703 episcopi
1486 2645 1807 2688 LANDAVENSIS
1840 2644 1920 2687 sibi
1955 2644 2142 2686 confecte
2178 2645 2221 2686 et

277 2742 380 2785 fecit
406 2741 615 2797 predictos
641 2740 794 2782 fratres
820 2739 850 2782 J
853 2753 1078 2781 OHANNEM
1100 2743 1142 2781 et
1163 2739 1349 2780 Memno
1370 2738 1449 2780 sibi
1469 2736 1640 2780 liberari
1659 2736 1714 2778 ad
1734 2736 1873 2778 forum
1895 2734 2219 2777 ecclesiasticum

279 2836 322 2876 et
348 2832 496 2875 habita
523 2846 648 2887 super
673 2830 752 2873 hoo
781 2830 925 2886 aliqua
951 2830 1243 2872 altercassione
1273 2829 1386 2871 inter
1412 2828 1701 2871 vicecomitem
1725 2829 1769 2868 et
1795 2826 2033 2882 predictum
2065 2824 2221 2867 DAvm

280 2955 495 2966 .......
518 2922 697 2979 predicti
720 2921 874 2964 fratres
903 2921 1001 2963 licet
1024 2919 1213 2975 religiosi
1237 2920 1323 2962 sint
1350 2922 1392 2961 et
1419 2918 1597 2975 professi
1617 2932 1664 2960 eo
1686 2917 1801 2973 quod
1820 2916 1918 2958 laici
1943 2918 2043 2958 sunt
2062 2917 2106 2957 et
2133 2930 2221 2957 non

279 3013 464 3056 ordinati
494 3013 676 3056 debeant
707 3014 892 3069 gaudere
921 3011 1226 3054 inmunitatem
1256 3010 1424 3053 ecclesie
1454 3012 1497 3052 61
1525 3009 1742 3051 libertates
1772 3007 1982 3050 clericales
2005 3038 2218 3049 .......
