2386 3645
1951 292 2062 334 1527

234 500 293 541 Et
322 499 574 541 mandatum
604 500 667 539 est
696 495 905 539 militibus
933 494 1078 538 liberis
1106 494 1350 538 hominibus
1380 498 1423 537 et
1453 495 1650 538 omnibus
1679 496 1774 538 aliis
1801 497 2044 540 tenentibus
2065 499 2119 540 de

174 590 417 647 episcopatu
437 589 640 645 praedicto
660 587 774 643 quod
795 587 932 629 eidem
952 585 982 628 J
985 600 1161 628 OHANNI
1195 586 1390 629 WELLES
1419 588 1624 641 tanquam
1655 587 1846 643 episcopo
1875 591 1918 630 et
1947 588 2118 631 domino

173 695 248 723 suo
277 680 325 722 in
355 679 550 721 omnibus
581 694 662 734 que
692 678 748 720 ad
777 676 1065 733 episcopatum
1103 677 1356 733 praedictum
1394 677 1610 733 pertinent
1650 677 1919 720 intendentes
1959 678 2045 720 sint
2074 681 2117 721 et

173 771 474 827 respondentes
494 769 603 812 sicut
622 768 875 825 praedictum
895 769 969 809 est.

230 861 287 904 In
308 861 443 917 cujus,
466 864 543 903 etc.
606 859 732 902 Teste
752 860 801 901 ut
822 872 961 914 supra.

1399 949 1482 992 Per
1501 949 1627 992 breve
1648 950 1701 991 de
1719 949 1885 1005 privato
1906 949 2058 1005 sigillo.

999 1166 1286 1210 MOXXXV.

172 1274 389 1319 GRANT
439 1274 526 1317 BY
577 1274 854 1317 GILBERT
904 1273 1360 1317 TURBERVILLE
1393 1273 1469 1316 TO
1521 1273 1623 1316 SIR
1672 1273 1702 1317 J
1706 1272 1842 1315 OHN
1892 1272 2116 1315 STRAD-

318 1364 507 1418 LYNG,
565 1365 643 1407 OF
692 1364 869 1407 LAND
920 1364 993 1407 IN
1043 1363 1323 1416 GOYTIFF,
1375 1364 1448 1407 IN
1497 1363 1851 1407 EXOHANGE
1901 1363 2024 1406 FOR
2072 1363 2117 1406 A

315 1456 504 1500 GLOSE
536 1455 784 1498 GALLED
816 1455 1361 1498 GLEMENTISLOND.

1022 1562 1097 1620 [G.
1122 1562 1173 1605 Gr.
1197 1562 1272 1619 R]

425 1655 627 1697 MONDAY
657 1654 818 1697 AFTER
847 1653 947 1696 ALL
979 1653 1153 1696 SAINTs'
1186 1653 1303 1696 DAY.
1367 1655 1392 1696 3
1423 1653 1540 1696 Nov.
1575 1655 1600 1695 5
1634 1655 1752 1696 ΗΕΝ.
1786 1652 1868 1696 VI.
1932 1653 2056 1694 1426.

226 1765 325 1807 Hec
373 1764 604 1806 indentura
652 1763 767 1805 facta
815 1762 928 1804 inter
978 1761 1250 1805 GILBERTUM
1301 1761 1628 1804 TURBERVILLE
1679 1776 1732 1804 ex
1781 1763 1900 1817 parte
1940 1775 2027 1802 una
2073 1762 2117 1802 et

169 1855 199 1899 J
201 1869 426 1898 OHANNEM
467 1854 738 1896 STRADLYNG
778 1853 959 1895 militem
1000 1868 1054 1895 ex
1085 1858 1205 1909 parte
1241 1853 1374 1895 altera
1404 1856 1586 1895 testatur
1620 1853 1734 1908 quod
1764 1851 1979 1907 predictus
2009 1850 2116 1893 Gu-

168 1960 337 1989 BERTUS
358 1946 477 1988 dedit
497 1945 699 1987 concessit
719 1948 762 1987 et
781 1960 857 2000 per
891 1944 1000 1986 hanc
1027 1947 1192 2000 partem
1223 1944 1345 1986 istius
1379 1944 1606 1986 indenture
1633 1942 1897 1986 confirmavit
1926 1941 2115 1998 predicto

167 2037 197 2081 J
199 2051 377 2080 OHANNI
399 2037 615 2092 quandam
635 2036 863 2092 parcellam
884 2039 993 2078 terre
1014 2040 1206 2078 vocatam
1239 2035 1608 2078 HAMOUNDISLEY
1636 2049 1733 2077 011111
1760 2049 1833 2077 sex
1868 2033 1974 2075 acris
2005 2035 2115 2075 terre

166 2127 338 2171 arabilis
357 2127 571 2184 jacentem
591 2127 638 2168 in
659 2126 854 2169 COYTIFF
875 2127 990 2169 infra
1010 2142 1170 2169 novum
1190 2141 1364 2182 parcum
1385 2126 1489 2168 dicti
1509 2125 1538 2168 J
1541 2139 1740 2167 OHANNIS
1772 2125 1900 2180 prout
1926 2126 2037 2165 mete
2072 2125 2115 2165 et

165 2219 309 2263 bunde
348 2218 507 2261 ibidem
534 2218 788 2260 limitantur.
851 2218 1117 2260 Habendum
1150 2221 1193 2260 et
1224 2218 1457 2260 tenendum
1484 2216 1719 2272 predictam
1748 2214 1977 2271 parcellam
2004 2219 2114 2256 terre

166 2325 262 2352 011111
283 2325 356 2351 sex
376 2309 482 2351 acris
501 2312 611 2351 terre
633 2308 805 2351 arabilis
825 2324 922 2351 cum
942 2309 1215 2365 pertinenciis
1235 2309 1423 2364 predicto
1455 2307 1485 2350 J
1487 2321 1665 2349 OHANNI
1697 2309 1739 2349 et
1769 2305 1995 2348 heredibus
2027 2304 2113 2346 suis

164 2402 217 2444 de
238 2399 490 2456 capitalibus
510 2400 694 2442 dominis
714 2399 829 2441 feodi
849 2399 966 2441 fflius
985 2415 1060 2455 per
1080 2400 1272 2442 redditus
1292 2402 1335 2441 et
1355 2398 1529 2441 servicia
1549 2398 1665 2453 prius
1685 2397 1830 2440 debita
1850 2400 1893 2439 et
1913 2399 2112 2439 consueta

161 2493 209 2536 in
246 2492 430 2535 liberum
469 2507 625 2547 purum
666 2494 708 2533 et
748 2492 1063 2547 imperpetuum
1103 2491 1369 2534 excambium
1418 2506 1494 2546 pro
1542 2491 1727 2545 quodam
1773 2489 1913 2531 clauso
1964 2489 2110 2530 vocato

160 2582 540 2627 CLEMENTISLOND
561 2597 658 2624 cum
679 2582 801 2624 terris
820 2582 1076 2624 tenementis
1096 2582 1229 2638 pratis
1248 2581 1414 2637 pascuis
1433 2580 1617 2636 pasturis
1647 2582 1690 2622 et
1720 2579 1850 2621 vastis
1880 2578 1964 2620 suis
1993 2577 2108 2619 infra

161 2674 323 2716 dictum
344 2673 533 2715 clausum
554 2688 650 2715 cum
670 2672 755 2714 suis
776 2672 1050 2728 pertinenciis
1071 2674 1184 2728 quod
1205 2672 1418 2728 predictus
1445 2670 1560 2713 GILB
1568 2685 1704 2712 ERTUS
1735 2669 1886 2712 habuit
1915 2684 1966 2711 ex
1995 2669 2106 2710 dono

161 2766 205 2806 et
224 2764 501 2806 feoffamento
521 2763 701 2819 predicti
721 2763 751 2805 J
754 2777 955 2805 OHANNIS
976 2763 1022 2805 in
1043 2763 1224 2806 liberum
1244 2778 1401 2818 purum
1422 2764 1465 2804 et
1494 2762 1809 2817 imperpetuum
1839 2758 2106 2801 excambium

158 2854 398 2911 predictum
419 2853 500 2896 sibi
520 2856 562 2896 et
582 2853 808 2896 heredibus
829 2855 914 2896 suis
934 2869 1009 2910 per
1037 2855 1216 2896 alteram
1243 2857 1409 2910 partem
1435 2853 1558 2894 istius
1592 2851 1819 2894 indenture
1851 2865 1980 2905 penes
2011 2864 2104 2905 pre-

161 2945 302 2987 fatum
335 2943 607 2987 GILBERTUM
639 2949 681 2987 et
710 2945 883 2987 heredes
914 2961 1009 2987 suos
1038 2948 1340 2987 remanentem.
1417 2943 1479 2985 Et
1516 2942 1732 2999 predictus
1773 2940 2031 2983 GILBERTUS
2064 2941 2107 2982 et

159 3035 333 3078 heredes
349 3035 414 3077 sui
434 3034 665 3090 predictam
688 3035 914 3090 parcellam
935 3038 1045 3078 terre
1066 3052 1162 3079 cum
1193 3035 1393 3091 predictis
1424 3049 1497 3077 sex
1529 3033 1635 3075 acris
1668 3036 1777 3075 terre
1809 3030 1979 3074 arabilis
2009 3045 2106 3072 cum
