2386 3645
1919 283 2029 324 1195

139 489 465 545 imperpetuum.
527 487 588 529 Et
608 491 657 529 ut
677 487 753 530 heo
773 491 918 529 nostra
945 486 1122 529 donacio
1149 487 1356 529 concessio
1383 490 1426 529 et
1453 488 1658 542 presentis
1679 492 1791 530 carte
1816 491 1958 532 nostre
1988 505 2084 533 con-

137 579 323 622 firmacio
372 581 465 622 rata
504 582 547 620 et
586 578 749 620 stabilis
797 579 1111 634 imperpetuum
1150 581 1429 633 permaneant
1477 577 1588 620 hanc
1636 583 1873 633 presentem
1923 584 2083 623 cartam

137 670 377 726 sigillorum
431 672 672 711 nostrorum
730 668 1075 725 impressionibus
1126 668 1415 710 roboravimus
1463 672 1506 711 et
1551 670 1902 712 confirmavimus.
1984 670 2086 714 Hiis

136 759 315 802 testibus
347 793 355 801 .
389 759 561 801 domino
592 759 807 801 HENRmo
837 759 890 801 de
919 757 1267 800 UMFRAMVILLE
1291 793 1298 800 .
1322 760 1495 801 domino
1516 759 1742 801 PHILIPPO
1762 760 1801 802 le
1822 761 2086 804 FLEMMYNG

136 850 347 893 militibus
380 883 388 892 .
421 849 450 892 J
453 864 640 891 OHANNE
672 850 724 891 de
753 849 920 891 AVENE
954 882 962 890 .
996 849 1223 890 Pfflmpo
1253 850 1306 891 de
1335 848 1533 891 NERBER
1556 884 1564 892 .
1589 849 1757 892 THOMA
1777 851 1893 894 JOEL
1913 855 1957 894 et
1976 853 2082 896 aliis.

194 941 360 983 Datum
390 941 505 996 apud
535 940 901 982 MARTHELMAUR
930 940 1128 982 vicesimo
1158 943 1305 982 octavo
1325 940 1394 983 die
1414 940 1444 983 J
1446 941 1524 982 ulii
1545 956 1657 983 anno
1678 942 1840 984 domini
1861 943 2084 987 millesimo

135 1031 420 1074 tricentesimo
440 1031 652 1073 tricesimo
672 1031 835 1086 quinto.

194 1122 291 1165 Seal
311 1121 516 1178 wanting.

193 1213 487 1256 Endorsed——‘
505 1213 824 1265 Marthilmaur‚
846 1219 961 1256 carta
981 1214 1159 1266 talliata,
1184 1214 1326 1256 1331?

955 1413 1275 1456 DCCOOLXI.

133 1520 621 1564 OONFIRMATION
642 1520 729 1563 BY
750 1521 779 1564 J
783 1520 919 1564 OHN
944 1521 1030 1564 DE
1059 1521 1401 1574 MOWBRAY,
1423 1522 1592 1565 LORD
1619 1524 1697 1566 OF
1718 1524 2086 1579 HAXIHOLM,

278 1613 601 1664 BRAMBER,
653 1612 787 1655 AND
848 1612 1090 1665 GOWER,
1150 1613 1228 1656 OF
1278 1613 1409 1656 THE
1467 1614 1806 1659 REOOVERY
1855 1616 1927 1659 IN
1978 1617 2087 1661 HIS

279 1703 485 1747 COURT
537 1703 615 1746 OF
667 1703 908 1756 GOWER,
960 1704 1049 1746 BY
1090 1703 1366 1747 GILBERT
1406 1705 1491 1747 DE
1542 1705 1955 1751 TURBERVILE
2008 1709 2087 1752 OF

278 1794 517 1846 COYTIF,
571 1794 649 1837 OF
700 1794 831 1837 THE
883 1794 1109 1838 MANOR
1160 1795 1238 1838 OF
1288 1795 1659 1840 LANDYMOR..

849 1902 1080 1960 [MARGAM
1112 1904 1369 1961 CHARTER]

1162 2013 1215 2053 18
1247 2012 1432 2055 MARcH.
1497 2014 1549 2054 10
1581 2013 1708 2056 EDw.
1742 2014 1833 2058 ΠΙ.
1897 2018 2020 2059 1336.

191 2119 402 2161 Omnibus
423 2120 478 2160 ad
495 2133 599 2174 quos
614 2133 786 2174 presens
799 2120 1004 2175 scriptum
1017 2120 1256 2175 pervenerit
1278 2154 1286 2162 .
1310 2120 1552 2162 JOHANNES
1573 2123 1625 2163 de
1641 2121 1870 2165 MOUBRAY
1887 2125 2085 2170 dominus

128 2210 267 2253 insule
288 2211 340 2252 de
363 2209 652 2252 HAxmomm
675 2210 847 2252 honoris
867 2211 919 2252 de
942 2210 1170 2252 BREMBRE
1192 2215 1234 2253 et
1255 2212 1308 2253 de
1337 2211 1583 2254 GOUHERIA
1614 2213 1658 2254 in
1681 2213 1879 2258 WALLIA
1900 2217 2082 2260 salutem

128 2301 175 2343 in
195 2301 395 2343 Domino.

184 2391 366 2434 Noverit
398 2391 648 2433 universitas
679 2396 818 2434 vestra
851 2392 965 2447 quod
997 2407 1094 2434 cum
1127 2392 1385 2435 GILBERTUS
1417 2394 1470 2435 de
1499 2393 1796 2438 TURBERVILE
1830 2397 1881 2439 de
1915 2398 2079 2441 COYTIF

125 2482 296 2538 petierit
316 2498 462 2524 versus
482 2497 559 2525 nos
579 2482 625 2524 in
647 2485 763 2524 curia
784 2488 930 2526 nostra
950 2485 1002 2526 de
1025 2483 1267 2526 GounEmA
1292 2500 1366 2540 per
1386 2484 1511 2527 breve
1532 2486 1584 2527 de
1605 2485 1743 2528 forma
1763 2488 2007 2532 donacionis
2023 2492 2077 2533 de

123 2573 373 2615 cancellaria
399 2578 543 2615 nostra
574 2572 819 2616 GOUHERIE
845 2574 1085 2617 manerium
1116 2576 1168 2617 de
1192 2574 1452 2617 LANDYMOR
1478 2591 1574 2617 cum
1602 2577 1870 2631 pertinentiis
1896 2579 1942 2622 in
1962 2584 2076 2623 terra

124 2666 268 2706 nostra
297 2664 350 2706 de
382 2663 629 2706 GOUHERIA
661 2665 713 2706 de
749 2665 904 2707 seisina
929 2666 1092 2707 domini
1120 2664 1343 2708 GILBERTI
1372 2667 1424 2708 de
1450 2666 1748 2710 TURBERVILE
1778 2673 1821 2711 et
1848 2670 2075 2714 MATrmns

124 2754 266 2796 uxoris
287 2754 381 2810 ejus
405 2755 556 2810 proavi
581 2759 622 2797 et
643 2770 798 2811 proave
820 2755 923 2798 dicti
949 2755 1172 2798 GILBERTI
1194 2771 1375 2811 quorum
1399 2757 1518 2799 heres
1545 2758 1634 2812 ipse
1654 2762 1717 2800 est
1740 2793 1747 2800 .
1772 2764 1814 2802 et
1838 2762 2075 2815 predictum

124 2845 364 2887 manerium
386 2860 530 2888 versus
549 2861 626 2888 nos
646 2847 692 2888 in
715 2846 832 2889 curia
852 2849 997 2889 nostra
1023 2847 1214 2903 predicta
1242 2848 1508 2903 recuperavit
1537 2863 1611 2903 per
1640 2850 1900 2893 veredictum
1932 2853 2000 2909 cuj
2008 2869 2073 2896 us-

123 2935 225 2978 dam
243 2935 536 2990 inquisicionis
563 2937 676 2979 inter
697 2952 773 2979 nos
800 2941 844 2980 et
868 2938 1008 2994 ipsum
1033 2939 1133 2980 inde
1167 2942 1287 2994 capte
1319 2941 1362 2981 et
1391 2954 1467 2994 per
1490 2938 1700 2995 judicium
1736 2939 1928 2996 ejusdem
1961 2945 2076 2987 curie

124 3028 267 3068 nostre
289 3030 331 3068 et
360 3027 528 3069 racione
559 3027 751 3083 ejusdem
781 3028 933 3083 judicii
963 3032 1006 3071 et
1037 3029 1296 3072 executionis
1326 3029 1518 3085 ejusdem
1541 3064 1549 3071 .
1572 3031 1787 3086 predictus
1818 3031 2078 3078 GILBERTUS
