<?xml version="1.0" encoding="UTF-8"?>
<!DOCTYPE html PUBLIC "-//W3C//DTD XHTML 1.0 Transitional//EN"
    "http://www.w3.org/TR/xhtml1/DTD/xhtml1-transitional.dtd">
<html xmlns="http://www.w3.org/1999/xhtml" xml:lang="en" lang="en">
 <head>
  <title>
</title>
<meta http-equiv="Content-Type" content="text/html;charset=utf-8" />
  <meta name='ocr-system' content='tesseract 3.04.00' />
  <meta name='ocr-capabilities' content='ocr_page ocr_carea ocr_par ocr_line ocrx_word'/>
</head>
<body>
  <div class='ocr_page' id='page_1' title='image "./cartaeetaliamuni04claruoft_0441.png"; bbox 0 0 2386 3645; ppageno 0'>
   <div class='ocr_carea' id='block_1_1' title="bbox 1954 301 2062 343">
    <p class='ocr_par' dir='ltr' id='par_1_1' title="bbox 1954 301 2062 343">
     <span class='ocr_line' id='line_1_1' title="bbox 1954 301 2062 343; baseline 0 -1"><span class='ocrx_word' id='word_1_1' title='bbox 1954 301 2062 343; x_wconf 84' lang='lat'>1525</span> 
     </span>
    </p>
   </div>
   <div class='ocr_carea' id='block_1_2' title="bbox 991 500 1316 544">
    <p class='ocr_par' dir='ltr' id='par_1_2' title="bbox 991 500 1316 544">
     <span class='ocr_line' id='line_1_2' title="bbox 991 500 1316 544; baseline 0.003 -1"><span class='ocrx_word' id='word_1_2' title='bbox 991 500 1316 544; x_wconf 84' lang='lat' dir='ltr'>MOXXXIII.</span> 
     </span>
    </p>
   </div>
   <div class='ocr_carea' id='block_1_3' title="bbox 179 614 2121 851">
    <p class='ocr_par' dir='ltr' id='par_1_3' title="bbox 179 614 2121 851">
     <span class='ocr_line' id='line_1_3' title="bbox 179 614 2120 666; baseline 0.004 -8"><span class='ocrx_word' id='word_1_3' title='bbox 179 614 504 660; x_wconf 78' lang='lat' dir='ltr'><strong>RENEWAL</strong></span> <span class='ocrx_word' id='word_1_4' title='bbox 553 615 632 658; x_wconf 87' lang='lat' dir='ltr'>OF</span> <span class='ocrx_word' id='word_1_5' title='bbox 681 615 896 659; x_wconf 79' lang='lat' dir='ltr'><strong>ROYAL</strong></span> <span class='ocrx_word' id='word_1_6' title='bbox 936 616 1151 660; x_wconf 75' lang='lat' dir='ltr'><strong>GRANT</strong></span> <span class='ocrx_word' id='word_1_7' title='bbox 1193 617 1272 660; x_wconf 88' lang='lat' dir='ltr'>OF</span> <span class='ocrx_word' id='word_1_8' title='bbox 1313 617 1444 660; x_wconf 79' lang='lat' dir='ltr'>THE</span> <span class='ocrx_word' id='word_1_9' title='bbox 1485 618 1990 665; x_wconf 79' lang='lat' dir='ltr'>TEMPORALITIES</span> <span class='ocrx_word' id='word_1_10' title='bbox 2041 623 2120 666; x_wconf 81' lang='lat' dir='ltr'>OF</span> 
     </span>
     <span class='ocr_line' id='line_1_4' title="bbox 323 706 2121 764; baseline 0.005 -16"><span class='ocrx_word' id='word_1_11' title='bbox 323 706 681 759; x_wconf 87' lang='lat' dir='ltr'><strong>LLANDAFF,</strong></span> <span class='ocrx_word' id='word_1_12' title='bbox 725 708 889 750; x_wconf 80' lang='lat' dir='ltr'><strong><em>SEDE</em></strong></span> <span class='ocrx_word' id='word_1_13' title='bbox 930 708 1152 751; x_wconf 77' lang='lat' dir='ltr'><strong><em>VAOAN</em></strong></span> <span class='ocrx_word' id='word_1_14' title='bbox 1157 709 1241 760; x_wconf 86' lang='lat' dir='ltr'>TE,</span> <span class='ocrx_word' id='word_1_15' title='bbox 1283 708 1360 751; x_wconf 87' lang='grc' dir='ltr'>ΤΟ</span> <span class='ocrx_word' id='word_1_16' title='bbox 1401 708 1624 752; x_wconf 90' lang='lat' dir='ltr'>PHILIP</span> <span class='ocrx_word' id='word_1_17' title='bbox 1659 710 1888 764; x_wconf 82' lang='lat' dir='ltr'><strong>LOWES‚</strong></span> <span class='ocrx_word' id='word_1_18' title='bbox 1926 713 2121 757; x_wconf 80' lang='lat' dir='ltr'>CHAN-</span> 
     </span>
     <span class='ocr_line' id='line_1_5' title="bbox 324 796 1497 851; baseline 0.003 -11"><span class='ocrx_word' id='word_1_19' title='bbox 324 796 581 850; x_wconf 80' lang='lat' dir='ltr'><strong>OELLOR,</strong></span> <span class='ocrx_word' id='word_1_20' title='bbox 622 797 758 841; x_wconf 91' lang='lat' dir='ltr'>AND</span> <span class='ocrx_word' id='word_1_21' title='bbox 800 797 970 840; x_wconf 87' lang='lat' dir='ltr'><strong>JOHN</strong></span> <span class='ocrx_word' id='word_1_22' title='bbox 1010 797 1228 851; x_wconf 84' lang='lat' dir='ltr'>DAVID,</span> <span class='ocrx_word' id='word_1_23' title='bbox 1272 798 1497 843; x_wconf 82' lang='lat' dir='ltr'>CANON.</span> 
     </span>
    </p>
   </div>
   <div class='ocr_carea' id='block_1_4' title="bbox 299 904 2065 1052">
    <p class='ocr_par' dir='ltr' id='par_1_4' title="bbox 299 904 2065 1052">
     <span class='ocr_line' id='line_1_6' title="bbox 299 904 2013 966; baseline 0.003 -20"><span class='ocrx_word' id='word_1_24' title='bbox 299 904 427 961; x_wconf 77' lang='lat' dir='ltr'>[PAT.</span> <span class='ocrx_word' id='word_1_25' title='bbox 452 905 576 957; x_wconf 65' lang='lat' dir='ltr'>Bor„</span> <span class='ocrx_word' id='word_1_26' title='bbox 599 906 624 947; x_wconf 87' lang='lat'><strong>3</strong></span> <span class='ocrx_word' id='word_1_27' title='bbox 652 905 778 948; x_wconf 79' lang='lat' dir='ltr'><strong>HEN.</strong></span> <span class='ocrx_word' id='word_1_28' title='bbox 802 905 900 957; x_wconf 71' lang='lat' dir='ltr'>VI„</span> <span class='ocrx_word' id='word_1_29' title='bbox 923 921 962 949; x_wconf 88' lang='lat' dir='ltr'>P.</span> <span class='ocrx_word' id='word_1_30' title='bbox 986 908 1026 959; x_wconf 82' lang='lat'>2,</span> <span class='ocrx_word' id='word_1_31' title='bbox 1049 921 1096 949; x_wconf 84' lang='lat' dir='ltr'>M.</span> <span class='ocrx_word' id='word_1_32' title='bbox 1121 909 1160 949; x_wconf 87' lang='grc'>9.</span> <span class='ocrx_word' id='word_1_33' title='bbox 1222 907 1340 950; x_wconf 79' lang='lat' dir='ltr'>BM.</span> <span class='ocrx_word' id='word_1_34' title='bbox 1402 909 1520 950; x_wconf 80' lang='lat' dir='ltr'>Am).</span> <span class='ocrx_word' id='word_1_35' title='bbox 1543 907 1654 960; x_wconf 66' lang='lat' dir='ltr'>MS„</span> <span class='ocrx_word' id='word_1_36' title='bbox 1676 910 1816 962; x_wconf 87' lang='lat'>4‚604,</span> <span class='ocrx_word' id='word_1_37' title='bbox 1838 909 1869 952; x_wconf 79' lang='lat' dir='ltr'>f.</span> <span class='ocrx_word' id='word_1_38' title='bbox 1896 909 2013 966; x_wconf 64' lang='lat'>145]</span> 
     </span>
     <span class='ocr_line' id='line_1_7' title="bbox 1302 1007 2065 1052; baseline 0.003 -3"><span class='ocrx_word' id='word_1_39' title='bbox 1302 1008 1354 1049; x_wconf 91' lang='grc'>10</span> <span class='ocrx_word' id='word_1_40' title='bbox 1384 1007 1517 1050; x_wconf 80' lang='lat' dir='ltr'>JULY.</span> <span class='ocrx_word' id='word_1_41' title='bbox 1579 1008 1605 1049; x_wconf 84' lang='lat'>3</span> <span class='ocrx_word' id='word_1_42' title='bbox 1636 1007 1761 1051; x_wconf 77' lang='grc' dir='ltr'><strong>ΗΕΝ.</strong></span> <span class='ocrx_word' id='word_1_43' title='bbox 1795 1008 1877 1052; x_wconf 90' lang='lat' dir='ltr'>VI.</span> <span class='ocrx_word' id='word_1_44' title='bbox 1943 1010 2065 1051; x_wconf 83' lang='lat'>1425.</span> 
     </span>
    </p>
   </div>
   <div class='ocr_carea' id='block_1_5' title="bbox 594 1113 1716 1158">
    <p class='ocr_par' dir='ltr' id='par_1_5' title="bbox 594 1113 1716 1158">
     <span class='ocr_line' id='line_1_8' title="bbox 594 1113 1716 1158; baseline 0.003 -3"><span class='ocrx_word' id='word_1_45' title='bbox 594 1113 666 1155; x_wconf 70' lang='lat' dir='ltr'>DE</span> <span class='ocrx_word' id='word_1_46' title='bbox 697 1128 1040 1156; x_wconf 82' lang='lat' dir='ltr'><strong>TEMPORALIBUS</strong></span> <span class='ocrx_word' id='word_1_47' title='bbox 1070 1114 1453 1158; x_wconf 83' lang='lat' dir='ltr'>LANDAVENSIBUS</span> <span class='ocrx_word' id='word_1_48' title='bbox 1484 1130 1716 1158; x_wconf 81' lang='lat' dir='ltr'><strong>CONCESSIS.</strong></span> 
     </span>
    </p>
   </div>
   <div class='ocr_carea' id='block_1_6' title="bbox 237 1220 1097 1276">
    <p class='ocr_par' dir='ltr' id='par_1_6' title="bbox 237 1220 1097 1276">
     <span class='ocr_line' id='line_1_9' title="bbox 237 1220 1097 1276; baseline 0.001 -13"><span class='ocrx_word' id='word_1_49' title='bbox 237 1220 334 1264; x_wconf 82' lang='lat' dir='ltr'>Rex</span> <span class='ocrx_word' id='word_1_50' title='bbox 355 1220 551 1263; x_wconf 89' lang='lat' dir='ltr'>omnibus</span> <span class='ocrx_word' id='word_1_51' title='bbox 572 1222 626 1263; x_wconf 86' lang='lat' dir='ltr'>ad</span> <span class='ocrx_word' id='word_1_52' title='bbox 647 1236 764 1276; x_wconf 86' lang='lat' dir='ltr'>quos,</span> <span class='ocrx_word' id='word_1_53' title='bbox 788 1225 881 1273; x_wconf 89' lang='lat' dir='ltr'>etc.‚</span> <span class='ocrx_word' id='word_1_54' title='bbox 903 1222 1097 1264; x_wconf 88' lang='lat' dir='ltr'>salutem.</span> 
     </span>
    </p>
   </div>
   <div class='ocr_carea' id='block_1_7' title="bbox 169 1311 2130 2915">
    <p class='ocr_par' dir='ltr' id='par_1_7' title="bbox 169 1311 2130 2915">
     <span class='ocr_line' id='line_1_10' title="bbox 234 1311 2125 1369; baseline 0.002 -15"><span class='ocrx_word' id='word_1_55' title='bbox 234 1311 387 1354; x_wconf 80' lang='lat' dir='ltr'>Sciatis</span> <span class='ocrx_word' id='word_1_56' title='bbox 409 1313 524 1367; x_wconf 89' lang='lat' dir='ltr'>quod</span> <span class='ocrx_word' id='word_1_57' title='bbox 546 1327 642 1354; x_wconf 85' lang='lat' dir='ltr'>cum</span> <span class='ocrx_word' id='word_1_58' title='bbox 663 1312 861 1354; x_wconf 88' lang='lat' dir='ltr'>vicesimo</span> <span class='ocrx_word' id='word_1_59' title='bbox 883 1313 952 1354; x_wconf 77' lang='lat' dir='ltr'>die</span> <span class='ocrx_word' id='word_1_60' title='bbox 973 1312 1003 1355; x_wconf 85' lang='lat' dir='ltr'><strong>J</strong></span> <span class='ocrx_word' id='word_1_61' title='bbox 1005 1313 1082 1354; x_wconf 88' lang='lat' dir='ltr'>ulii</span> <span class='ocrx_word' id='word_1_62' title='bbox 1114 1313 1266 1355; x_wconf 83' lang='lat' dir='ltr'>ultimo</span> <span class='ocrx_word' id='word_1_63' title='bbox 1294 1314 1497 1369; x_wconf 90' lang='lat' dir='ltr'>preterito</span> <span class='ocrx_word' id='word_1_64' title='bbox 1528 1315 1580 1356; x_wconf 87' lang='lat' dir='ltr'>de</span> <span class='ocrx_word' id='word_1_65' title='bbox 1607 1315 1868 1357; x_wconf 87' lang='lat' dir='ltr'>avisamento</span> <span class='ocrx_word' id='word_1_66' title='bbox 1891 1318 1934 1357; x_wconf 91' lang='lat' dir='ltr'>et</span> <span class='ocrx_word' id='word_1_67' title='bbox 1954 1330 2125 1358; x_wconf 88' lang='lat' dir='ltr'>assensu</span> 
     </span>
     <span class='ocr_line' id='line_1_11' title="bbox 177 1403 2128 1459; baseline 0.001 -13"><span class='ocrx_word' id='word_1_68' title='bbox 177 1403 340 1446; x_wconf 89' lang='lat' dir='ltr'>consilii</span> <span class='ocrx_word' id='word_1_69' title='bbox 375 1404 513 1446; x_wconf 93' lang='lat' dir='ltr'>nostri</span> <span class='ocrx_word' id='word_1_70' title='bbox 548 1403 881 1445; x_wconf 78' lang='lat' dir='ltr'>commiserimus</span> <span class='ocrx_word' id='word_1_71' title='bbox 915 1404 1120 1459; x_wconf 84' lang='lat' dir='ltr'>magistro</span> <span class='ocrx_word' id='word_1_72' title='bbox 1157 1404 1382 1446; x_wconf 71' lang='lat' dir='ltr'>Pmmpo</span> <span class='ocrx_word' id='word_1_73' title='bbox 1417 1403 1580 1447; x_wconf 75' lang='lat' dir='ltr'>Lowns</span> <span class='ocrx_word' id='word_1_74' title='bbox 1611 1406 1858 1448; x_wconf 86' lang='lat' dir='ltr'>cancellario</span> <span class='ocrx_word' id='word_1_75' title='bbox 1890 1406 1937 1448; x_wconf 89' lang='lat' dir='ltr'>in</span> <span class='ocrx_word' id='word_1_76' title='bbox 1958 1407 2128 1449; x_wconf 86' lang='lat' dir='ltr'>ecclesia</span> 
     </span>
     <span class='ocr_line' id='line_1_12' title="bbox 177 1493 2130 1551; baseline 0.002 -15"><span class='ocrx_word' id='word_1_77' title='bbox 177 1494 408 1537; x_wconf 73' lang='lat' dir='ltr'>cathedrali</span> <span class='ocrx_word' id='word_1_78' title='bbox 429 1493 731 1536; x_wconf 75' lang='lat' dir='ltr'>LANDAVENSI</span> <span class='ocrx_word' id='word_1_79' title='bbox 754 1498 796 1536; x_wconf 90' lang='lat' dir='ltr'>et</span> <span class='ocrx_word' id='word_1_80' title='bbox 823 1495 1029 1551; x_wconf 83' lang='lat' dir='ltr'>magistro</span> <span class='ocrx_word' id='word_1_81' title='bbox 1061 1495 1090 1538; x_wconf 87' lang='lat' dir='ltr'><strong>J</strong></span> <span class='ocrx_word' id='word_1_82' title='bbox 1093 1509 1270 1538; x_wconf 77' lang='grc' dir='ltr'><strong>οΗΑΝΝῙ</strong></span> <span class='ocrx_word' id='word_1_83' title='bbox 1300 1496 1451 1538; x_wconf 81' lang='lat' dir='ltr'>DA&#39;VID</span> <span class='ocrx_word' id='word_1_84' title='bbox 1482 1497 1681 1539; x_wconf 87' lang='lat' dir='ltr'>canonico</span> <span class='ocrx_word' id='word_1_85' title='bbox 1706 1496 1751 1538; x_wconf 87' lang='lat' dir='ltr'>in</span> <span class='ocrx_word' id='word_1_86' title='bbox 1781 1497 1928 1539; x_wconf 85' lang='lat' dir='ltr'>eadem</span> <span class='ocrx_word' id='word_1_87' title='bbox 1957 1497 2130 1540; x_wconf 87' lang='lat' dir='ltr'>ecelesia</span> 
     </span>
     <span class='ocr_line' id='line_1_13' title="bbox 174 1585 2128 1642; baseline 0.002 -15"><span class='ocrx_word' id='word_1_88' title='bbox 174 1586 426 1642; x_wconf 86' lang='lat' dir='ltr'>temporalia</span> <span class='ocrx_word' id='word_1_89' title='bbox 448 1586 712 1642; x_wconf 75' lang='lat' dir='ltr'>episcopatus</span> <span class='ocrx_word' id='word_1_90' title='bbox 734 1585 1056 1628; x_wconf 77' lang='lat' dir='ltr'><strong>LANDAVENSIS</strong></span> <span class='ocrx_word' id='word_1_91' title='bbox 1077 1586 1122 1628; x_wconf 89' lang='lat' dir='ltr'>in</span> <span class='ocrx_word' id='word_1_92' title='bbox 1143 1586 1341 1628; x_wconf 86' lang='lat' dir='ltr'>manibus</span> <span class='ocrx_word' id='word_1_93' title='bbox 1360 1587 1514 1629; x_wconf 85' lang='lat' dir='ltr'>nostris</span> <span class='ocrx_word' id='word_1_94' title='bbox 1534 1587 1698 1629; x_wconf 89' lang='lat' dir='ltr'>ratione</span> <span class='ocrx_word' id='word_1_95' title='bbox 1726 1588 1877 1629; x_wconf 87' lang='lat' dir='ltr'>ultime</span> <span class='ocrx_word' id='word_1_96' title='bbox 1897 1588 2128 1631; x_wconf 87' lang='lat' dir='ltr'>vacationis</span> 
     </span>
     <span class='ocr_line' id='line_1_14' title="bbox 176 1677 2128 1734; baseline 0.001 -15"><span class='ocrx_word' id='word_1_97' title='bbox 176 1677 368 1733; x_wconf 81' lang='lat' dir='ltr'>ejusdem</span> <span class='ocrx_word' id='word_1_98' title='bbox 410 1678 579 1720; x_wconf 79' lang='lat' dir='ltr'>ecclesie</span> <span class='ocrx_word' id='word_1_99' title='bbox 620 1677 848 1719; x_wconf 73' lang='lat' dir='ltr'>existentia</span> <span class='ocrx_word' id='word_1_100' title='bbox 887 1677 1132 1720; x_wconf 87' lang='lat' dir='ltr'>habendum</span> <span class='ocrx_word' id='word_1_101' title='bbox 1172 1693 1247 1733; x_wconf 90' lang='lat' dir='ltr'>per</span> <span class='ocrx_word' id='word_1_102' title='bbox 1289 1693 1425 1720; x_wconf 85' lang='lat' dir='ltr'>unum</span> <span class='ocrx_word' id='word_1_103' title='bbox 1465 1693 1626 1720; x_wconf 89' lang='lat' dir='ltr'>annum</span> <span class='ocrx_word' id='word_1_104' title='bbox 1666 1678 1712 1720; x_wconf 89' lang='lat' dir='ltr'>in</span> <span class='ocrx_word' id='word_1_105' title='bbox 1753 1693 1850 1720; x_wconf 84' lang='lat' dir='ltr'>casu</span> <span class='ocrx_word' id='word_1_106' title='bbox 1891 1694 1974 1734; x_wconf 91' lang='lat' dir='ltr'>quo</span> <span class='ocrx_word' id='word_1_107' title='bbox 2014 1679 2128 1721; x_wconf 84' lang='lat' dir='ltr'>diota</span> 
     </span>
     <span class='ocr_line' id='line_1_15' title="bbox 173 1767 2128 1825; baseline 0 -14"><span class='ocrx_word' id='word_1_108' title='bbox 173 1769 424 1825; x_wconf 89' lang='lat' dir='ltr'>temporalia</span> <span class='ocrx_word' id='word_1_109' title='bbox 445 1784 519 1825; x_wconf 90' lang='lat' dir='ltr'>per</span> <span class='ocrx_word' id='word_1_110' title='bbox 540 1771 711 1811; x_wconf 90' lang='lat' dir='ltr'>tantum</span> <span class='ocrx_word' id='word_1_111' title='bbox 733 1772 901 1824; x_wconf 88' lang='lat' dir='ltr'>tempus</span> <span class='ocrx_word' id='word_1_112' title='bbox 921 1769 1084 1810; x_wconf 85' lang='lat' dir='ltr'>ratione</span> <span class='ocrx_word' id='word_1_113' title='bbox 1111 1768 1221 1810; x_wconf 85' lang='lat' dir='ltr'>dicte</span> <span class='ocrx_word' id='word_1_114' title='bbox 1250 1768 1483 1810; x_wconf 88' lang='lat' dir='ltr'>vacationis</span> <span class='ocrx_word' id='word_1_115' title='bbox 1507 1768 1552 1809; x_wconf 89' lang='lat' dir='ltr'>in</span> <span class='ocrx_word' id='word_1_116' title='bbox 1577 1767 1774 1810; x_wconf 86' lang='lat' dir='ltr'>manibus</span> <span class='ocrx_word' id='word_1_117' title='bbox 1803 1769 1958 1811; x_wconf 87' lang='lat' dir='ltr'>nostris</span> <span class='ocrx_word' id='word_1_118' title='bbox 1986 1769 2128 1811; x_wconf 82' lang='lat' dir='ltr'>forent</span> 
     </span>
     <span class='ocr_line' id='line_1_16' title="bbox 173 1859 2126 1916; baseline -0.001 -13"><span class='ocrx_word' id='word_1_119' title='bbox 173 1860 330 1916; x_wconf 86' lang='lat' dir='ltr'>absque</span> <span class='ocrx_word' id='word_1_120' title='bbox 358 1860 502 1916; x_wconf 86' lang='lat' dir='ltr'>aliqua</span> <span class='ocrx_word' id='word_1_121' title='bbox 526 1859 648 1902; x_wconf 89' lang='lat' dir='ltr'>nobis</span> <span class='ocrx_word' id='word_1_122' title='bbox 675 1875 752 1915; x_wconf 89' lang='lat' dir='ltr'>pro</span> <span class='ocrx_word' id='word_1_123' title='bbox 782 1859 1087 1915; x_wconf 75' lang='lat' dir='ltr'>temporalibus</span> <span class='ocrx_word' id='word_1_124' title='bbox 1116 1860 1202 1900; x_wconf 89' lang='lat' dir='ltr'>illis</span> <span class='ocrx_word' id='word_1_125' title='bbox 1228 1860 1443 1901; x_wconf 88' lang='lat' dir='ltr'>reddendo</span> <span class='ocrx_word' id='word_1_126' title='bbox 1464 1859 1629 1915; x_wconf 90' lang='lat' dir='ltr'>proviso</span> <span class='ocrx_word' id='word_1_127' title='bbox 1651 1874 1815 1914; x_wconf 88' lang='lat' dir='ltr'>semper</span> <span class='ocrx_word' id='word_1_128' title='bbox 1836 1860 1949 1915; x_wconf 88' lang='lat' dir='ltr'>quod</span> <span class='ocrx_word' id='word_1_129' title='bbox 1969 1860 2126 1916; x_wconf 80' lang='lat' dir='ltr'>prefati</span> 
     </span>
     <span class='ocr_line' id='line_1_17' title="bbox 169 1950 2121 2006; baseline 0 -13"><span class='ocrx_word' id='word_1_130' title='bbox 169 1951 422 1993; x_wconf 72' lang='lat' dir='ltr'>Pmmppns</span> <span class='ocrx_word' id='word_1_131' title='bbox 453 1954 494 1992; x_wconf 89' lang='lat' dir='ltr'>et</span> <span class='ocrx_word' id='word_1_132' title='bbox 527 1950 556 1992; x_wconf 84' lang='lat' dir='ltr'><strong>J</strong></span> <span class='ocrx_word' id='word_1_133' title='bbox 559 1964 769 1992; x_wconf 79' lang='lat' dir='ltr'><strong>OHANNES</strong></span> <span class='ocrx_word' id='word_1_134' title='bbox 790 1951 937 1993; x_wconf 85' lang='lat' dir='ltr'>domos</span> <span class='ocrx_word' id='word_1_135' title='bbox 968 1951 1134 1993; x_wconf 86' lang='lat' dir='ltr'>edificia</span> <span class='ocrx_word' id='word_1_136' title='bbox 1156 1954 1196 1992; x_wconf 89' lang='lat' dir='ltr'>et</span> <span class='ocrx_word' id='word_1_137' title='bbox 1219 1952 1433 1993; x_wconf 85' lang='lat' dir='ltr'>clausuras</span> <span class='ocrx_word' id='word_1_138' title='bbox 1463 1950 1767 2006; x_wconf 68' lang='lat' dir='ltr'>temporalibus</span> <span class='ocrx_word' id='word_1_139' title='bbox 1797 1950 1996 2006; x_wconf 80' lang='lat' dir='ltr'>predictis</span> <span class='ocrx_word' id='word_1_140' title='bbox 2028 1966 2121 2006; x_wconf 87' lang='lat' dir='ltr'>per-</span> 
     </span>
     <span class='ocr_line' id='line_1_18' title="bbox 172 2041 2126 2097; baseline 0 -13"><span class='ocrx_word' id='word_1_141' title='bbox 172 2042 355 2084; x_wconf 79' lang='lat' dir='ltr'>tinentia</span> <span class='ocrx_word' id='word_1_142' title='bbox 394 2044 640 2097; x_wconf 86' lang='lat' dir='ltr'>repararent</span> <span class='ocrx_word' id='word_1_143' title='bbox 681 2045 722 2083; x_wconf 87' lang='lat' dir='ltr'>et</span> <span class='ocrx_word' id='word_1_144' title='bbox 756 2046 1042 2084; x_wconf 85' lang='lat' dir='ltr'>sustentarent</span> <span class='ocrx_word' id='word_1_145' title='bbox 1079 2057 1126 2083; x_wconf 88' lang='lat' dir='ltr'>ac</span> <span class='ocrx_word' id='word_1_146' title='bbox 1161 2042 1305 2084; x_wconf 86' lang='lat' dir='ltr'>omnia</span> <span class='ocrx_word' id='word_1_147' title='bbox 1341 2042 1424 2083; x_wconf 89' lang='lat' dir='ltr'>alia</span> <span class='ocrx_word' id='word_1_148' title='bbox 1460 2056 1587 2083; x_wconf 85' lang='lat' dir='ltr'>onera</span> <span class='ocrx_word' id='word_1_149' title='bbox 1622 2041 1781 2083; x_wconf 89' lang='lat' dir='ltr'>eisdem</span> <span class='ocrx_word' id='word_1_150' title='bbox 1822 2041 2126 2097; x_wconf 81' lang='lat' dir='ltr'>temporalibus</span> 
     </span>
     <span class='ocr_line' id='line_1_19' title="bbox 170 2110 2126 2188; baseline -0.001 -13"><span class='ocrx_word' id='word_1_151' title='bbox 170 2133 463 2175; x_wconf 87' lang='lat' dir='ltr'>incumbentia</span> <span class='ocrx_word' id='word_1_152' title='bbox 498 2133 584 2175; x_wconf 85' lang='lat' dir='ltr'>sive</span> <span class='ocrx_word' id='word_1_153' title='bbox 622 2133 856 2188; x_wconf 85' lang='lat' dir='ltr'>spectantia</span> <span class='ocrx_word' id='word_1_154' title='bbox 887 2134 1069 2175; x_wconf 86' lang='lat' dir='ltr'>durante</span> <span class='ocrx_word' id='word_1_155' title='bbox 1103 2148 1215 2174; x_wconf 89' lang='lat' dir='ltr'>anno</span> <span class='ocrx_word' id='word_1_156' title='bbox 1236 2133 1426 2188; x_wconf 89' lang='lat' dir='ltr'>predicto</span> <span class='ocrx_word' id='word_1_157' title='bbox 1448 2135 1747 2187; x_wconf 85' lang='lat' dir='ltr'>supportarent</span> <span class='ocrx_word' id='word_1_158' title='bbox 1767 2135 1895 2187; x_wconf 86' lang='lat' dir='ltr'>prout</span> <span class='ocrx_word' id='word_1_159' title='bbox 1918 2132 1963 2173; x_wconf 83' lang='lat' dir='ltr'>in</span> <span class='ocrx_word' id='word_1_160' title='bbox 1983 2110 2126 2174; x_wconf 79' lang='lat' dir='ltr'>liberis</span> 
     </span>
     <span class='ocr_line' id='line_1_20' title="bbox 171 2223 2126 2280; baseline 0 -14"><span class='ocrx_word' id='word_1_161' title='bbox 171 2224 325 2267; x_wconf 88' lang='lat' dir='ltr'>nostris</span> <span class='ocrx_word' id='word_1_162' title='bbox 345 2223 591 2280; x_wconf 88' lang='lat' dir='ltr'>patentibus</span> <span class='ocrx_word' id='word_1_163' title='bbox 610 2224 711 2266; x_wconf 91' lang='lat' dir='ltr'>inde</span> <span class='ocrx_word' id='word_1_164' title='bbox 734 2223 936 2266; x_wconf 75' lang='lat' dir='ltr'>confectis</span> <span class='ocrx_word' id='word_1_165' title='bbox 955 2224 1124 2279; x_wconf 87' lang='lat' dir='ltr'>plenius</span> <span class='ocrx_word' id='word_1_166' title='bbox 1155 2223 1410 2265; x_wconf 83' lang='lat' dir='ltr'>continetur.</span> <span class='ocrx_word' id='word_1_167' title='bbox 1472 2223 1565 2266; x_wconf 89' lang='lat' dir='ltr'>Nos</span> <span class='ocrx_word' id='word_1_168' title='bbox 1589 2238 1665 2278; x_wconf 91' lang='lat' dir='ltr'>pro</span> <span class='ocrx_word' id='word_1_169' title='bbox 1691 2238 1739 2265; x_wconf 91' lang='lat' dir='ltr'>eo</span> <span class='ocrx_word' id='word_1_170' title='bbox 1771 2224 1884 2278; x_wconf 88' lang='lat' dir='ltr'>quod</span> <span class='ocrx_word' id='word_1_171' title='bbox 1911 2223 2126 2279; x_wconf 85' lang='lat' dir='ltr'>predictus</span> 
     </span>
     <span class='ocr_line' id='line_1_21' title="bbox 172 2313 2124 2370; baseline -0.001 -13"><span class='ocrx_word' id='word_1_172' title='bbox 172 2330 310 2357; x_wconf 85' lang='lat' dir='ltr'>annus</span> <span class='ocrx_word' id='word_1_173' title='bbox 337 2315 458 2370; x_wconf 85' lang='lat' dir='ltr'>quasi</span> <span class='ocrx_word' id='word_1_174' title='bbox 489 2315 544 2356; x_wconf 86' lang='lat' dir='ltr'>ad</span> <span class='ocrx_word' id='word_1_175' title='bbox 572 2314 736 2356; x_wconf 84' lang='lat' dir='ltr'>exitum</span> <span class='ocrx_word' id='word_1_176' title='bbox 765 2314 861 2356; x_wconf 85' lang='lat' dir='ltr'>finis</span> <span class='ocrx_word' id='word_1_177' title='bbox 889 2314 1058 2356; x_wconf 89' lang='lat' dir='ltr'>devenit</span> <span class='ocrx_word' id='word_1_178' title='bbox 1091 2315 1143 2356; x_wconf 89' lang='lat' dir='ltr'>de</span> <span class='ocrx_word' id='word_1_179' title='bbox 1175 2315 1435 2356; x_wconf 88' lang='lat' dir='ltr'>avisamento</span> <span class='ocrx_word' id='word_1_180' title='bbox 1469 2317 1512 2356; x_wconf 89' lang='lat' dir='ltr'>et</span> <span class='ocrx_word' id='word_1_181' title='bbox 1536 2329 1706 2356; x_wconf 89' lang='lat' dir='ltr'>assensu</span> <span class='ocrx_word' id='word_1_182' title='bbox 1737 2313 1931 2369; x_wconf 71' lang='lat' dir='ltr'>praedicti</span> <span class='ocrx_word' id='word_1_183' title='bbox 1961 2314 2124 2356; x_wconf 88' lang='lat' dir='ltr'>consilii</span> 
     </span>
     <span class='ocr_line' id='line_1_22' title="bbox 171 2405 2123 2461; baseline -0.001 -13"><span class='ocrx_word' id='word_1_184' title='bbox 171 2405 305 2448; x_wconf 87' lang='lat' dir='ltr'>nostri</span> <span class='ocrx_word' id='word_1_185' title='bbox 326 2405 611 2448; x_wconf 87' lang='lat' dir='ltr'>commisimus</span> <span class='ocrx_word' id='word_1_186' title='bbox 639 2405 830 2461; x_wconf 71' lang='lat' dir='ltr'>praefatis</span> <span class='ocrx_word' id='word_1_187' title='bbox 857 2405 1083 2447; x_wconf 70' lang='lat' dir='ltr'>Pfflmppo</span> <span class='ocrx_word' id='word_1_188' title='bbox 1105 2409 1147 2447; x_wconf 92' lang='lat' dir='ltr'>et</span> <span class='ocrx_word' id='word_1_189' title='bbox 1167 2405 1196 2447; x_wconf 86' lang='lat' dir='ltr'><strong>J</strong></span> <span class='ocrx_word' id='word_1_190' title='bbox 1199 2419 1376 2447; x_wconf 81' lang='lat' dir='ltr'>OHANNI</span> <span class='ocrx_word' id='word_1_191' title='bbox 1398 2405 1650 2460; x_wconf 86' lang='lat' dir='ltr'>temporalia</span> <span class='ocrx_word' id='word_1_192' title='bbox 1669 2405 1873 2460; x_wconf 71' lang='lat' dir='ltr'>praedicta</span> <span class='ocrx_word' id='word_1_193' title='bbox 1893 2419 1968 2460; x_wconf 89' lang='lat' dir='ltr'>per</span> <span class='ocrx_word' id='word_1_194' title='bbox 1988 2420 2123 2447; x_wconf 89' lang='lat' dir='ltr'>unum</span> 
     </span>
     <span class='ocr_line' id='line_1_23' title="bbox 171 2495 2121 2552; baseline -0.001 -14"><span class='ocrx_word' id='word_1_195' title='bbox 171 2511 333 2539; x_wconf 86' lang='lat' dir='ltr'>annum</span> <span class='ocrx_word' id='word_1_196' title='bbox 365 2496 557 2552; x_wconf 81' lang='lat' dir='ltr'>proxime</span> <span class='ocrx_word' id='word_1_197' title='bbox 587 2495 785 2538; x_wconf 74' lang='lat' dir='ltr'>futurum</span> <span class='ocrx_word' id='word_1_198' title='bbox 817 2496 862 2537; x_wconf 87' lang='lat' dir='ltr'>in</span> <span class='ocrx_word' id='word_1_199' title='bbox 897 2511 994 2538; x_wconf 87' lang='lat' dir='ltr'>casu</span> <span class='ocrx_word' id='word_1_200' title='bbox 1025 2511 1108 2551; x_wconf 90' lang='lat' dir='ltr'>quo</span> <span class='ocrx_word' id='word_1_201' title='bbox 1139 2496 1252 2538; x_wconf 87' lang='lat' dir='ltr'>dicta</span> <span class='ocrx_word' id='word_1_202' title='bbox 1285 2496 1535 2552; x_wconf 87' lang='lat' dir='ltr'>temporalia</span> <span class='ocrx_word' id='word_1_203' title='bbox 1568 2510 1643 2551; x_wconf 89' lang='lat' dir='ltr'>per</span> <span class='ocrx_word' id='word_1_204' title='bbox 1674 2498 1846 2538; x_wconf 87' lang='lat' dir='ltr'>tantum</span> <span class='ocrx_word' id='word_1_205' title='bbox 1877 2499 2044 2551; x_wconf 88' lang='lat' dir='ltr'>tempus</span> <span class='ocrx_word' id='word_1_206' title='bbox 2074 2496 2121 2537; x_wconf 91' lang='lat' dir='ltr'>in</span> 
     </span>
     <span class='ocr_line' id='line_1_24' title="bbox 169 2586 2122 2642; baseline 0 -14"><span class='ocrx_word' id='word_1_207' title='bbox 169 2586 367 2629; x_wconf 89' lang='lat' dir='ltr'>manibus</span> <span class='ocrx_word' id='word_1_208' title='bbox 397 2587 552 2629; x_wconf 89' lang='lat' dir='ltr'>nostris</span> <span class='ocrx_word' id='word_1_209' title='bbox 580 2591 705 2628; x_wconf 86' lang='lat' dir='ltr'>erunt</span> <span class='ocrx_word' id='word_1_210' title='bbox 737 2586 894 2642; x_wconf 84' lang='lat' dir='ltr'>absque</span> <span class='ocrx_word' id='word_1_211' title='bbox 922 2587 1065 2642; x_wconf 86' lang='lat' dir='ltr'>aliquo</span> <span class='ocrx_word' id='word_1_212' title='bbox 1092 2586 1215 2628; x_wconf 89' lang='lat' dir='ltr'>nobis</span> <span class='ocrx_word' id='word_1_213' title='bbox 1234 2587 1334 2628; x_wconf 81' lang='lat' dir='ltr'>inde</span> <span class='ocrx_word' id='word_1_214' title='bbox 1356 2587 1570 2629; x_wconf 85' lang='lat' dir='ltr'>reddendo</span> <span class='ocrx_word' id='word_1_215' title='bbox 1595 2621 1602 2629; x_wconf 91' lang='lat'><strong>.</strong></span> <span class='ocrx_word' id='word_1_216' title='bbox 1627 2586 1802 2629; x_wconf 85' lang='lat' dir='ltr'>Proviso</span> <span class='ocrx_word' id='word_1_217' title='bbox 1825 2601 1988 2642; x_wconf 87' lang='lat' dir='ltr'>semper</span> <span class='ocrx_word' id='word_1_218' title='bbox 2008 2587 2122 2641; x_wconf 90' lang='lat' dir='ltr'>quod</span> 
     </span>
     <span class='ocr_line' id='line_1_25' title="bbox 170 2676 2121 2733; baseline -0.001 -14"><span class='ocrx_word' id='word_1_219' title='bbox 170 2677 340 2733; x_wconf 73' lang='lat' dir='ltr'>praefati</span> <span class='ocrx_word' id='word_1_220' title='bbox 385 2677 638 2719; x_wconf 73' lang='lat' dir='ltr'>Pmmppns</span> <span class='ocrx_word' id='word_1_221' title='bbox 681 2680 724 2719; x_wconf 91' lang='lat' dir='ltr'>et</span> <span class='ocrx_word' id='word_1_222' title='bbox 771 2678 793 2718; x_wconf 86' lang='lat' dir='ltr'><strong>J</strong></span> <span class='ocrx_word' id='word_1_223' title='bbox 800 2692 1010 2719; x_wconf 77' lang='lat' dir='ltr'>OHANNEs</span> <span class='ocrx_word' id='word_1_224' title='bbox 1056 2679 1202 2720; x_wconf 89' lang='lat' dir='ltr'>domos</span> <span class='ocrx_word' id='word_1_225' title='bbox 1247 2678 1412 2720; x_wconf 86' lang='lat' dir='ltr'>edificia</span> <span class='ocrx_word' id='word_1_226' title='bbox 1462 2681 1504 2721; x_wconf 90' lang='lat' dir='ltr'>et</span> <span class='ocrx_word' id='word_1_227' title='bbox 1553 2678 1768 2721; x_wconf 88' lang='lat' dir='ltr'>clausuras</span> <span class='ocrx_word' id='word_1_228' title='bbox 1817 2676 2121 2733; x_wconf 85' lang='lat' dir='ltr'>temporalibus</span> 
     </span>
     <span class='ocr_line' id='line_1_26' title="bbox 169 2768 2120 2824; baseline 0 -14"><span class='ocrx_word' id='word_1_229' title='bbox 169 2769 383 2824; x_wconf 76' lang='lat' dir='ltr'>praedictis</span> <span class='ocrx_word' id='word_1_230' title='bbox 409 2768 671 2824; x_wconf 86' lang='lat' dir='ltr'>pertinencia</span> <span class='ocrx_word' id='word_1_231' title='bbox 696 2771 895 2824; x_wconf 88' lang='lat' dir='ltr'>reparent</span> <span class='ocrx_word' id='word_1_232' title='bbox 915 2772 957 2811; x_wconf 88' lang='lat' dir='ltr'>et</span> <span class='ocrx_word' id='word_1_233' title='bbox 988 2771 1227 2811; x_wconf 83' lang='lat' dir='ltr'>sustentent</span> <span class='ocrx_word' id='word_1_234' title='bbox 1257 2784 1305 2810; x_wconf 87' lang='lat' dir='ltr'>ac</span> <span class='ocrx_word' id='word_1_235' title='bbox 1340 2769 1483 2810; x_wconf 89' lang='lat' dir='ltr'>omnia</span> <span class='ocrx_word' id='word_1_236' title='bbox 1514 2769 1599 2811; x_wconf 88' lang='lat' dir='ltr'>alia</span> <span class='ocrx_word' id='word_1_237' title='bbox 1624 2784 1752 2811; x_wconf 88' lang='lat' dir='ltr'>onera</span> <span class='ocrx_word' id='word_1_238' title='bbox 1782 2769 1939 2810; x_wconf 87' lang='lat' dir='ltr'>eisdem</span> <span class='ocrx_word' id='word_1_239' title='bbox 1959 2770 2120 2823; x_wconf 85' lang='lat' dir='ltr'>tempo-</span> 
     </span>
     <span class='ocr_line' id='line_1_27' title="bbox 169 2859 2046 2915; baseline -0.001 -14"><span class='ocrx_word' id='word_1_240' title='bbox 169 2859 330 2902; x_wconf 86' lang='lat' dir='ltr'>ralibus</span> <span class='ocrx_word' id='word_1_241' title='bbox 350 2859 643 2902; x_wconf 90' lang='lat' dir='ltr'>incumbentia</span> <span class='ocrx_word' id='word_1_242' title='bbox 664 2859 751 2901; x_wconf 84' lang='lat' dir='ltr'>sive</span> <span class='ocrx_word' id='word_1_243' title='bbox 768 2859 1002 2914; x_wconf 88' lang='lat' dir='ltr'>spectantia</span> <span class='ocrx_word' id='word_1_244' title='bbox 1023 2862 1273 2915; x_wconf 88' lang='lat' dir='ltr'>supportent</span> <span class='ocrx_word' id='word_1_245' title='bbox 1293 2861 1475 2902; x_wconf 84' lang='lat' dir='ltr'>durante</span> <span class='ocrx_word' id='word_1_246' title='bbox 1495 2860 1677 2902; x_wconf 83' lang='lat' dir='ltr'>termino</span> <span class='ocrx_word' id='word_1_247' title='bbox 1699 2874 1773 2901; x_wconf 90' lang='lat' dir='ltr'>suo</span> <span class='ocrx_word' id='word_1_248' title='bbox 1795 2859 2046 2915; x_wconf 89' lang='lat' dir='ltr'>supradicto.</span> 
     </span>
    </p>
   </div>
   <div class='ocr_carea' id='block_1_8' title="bbox 225 2949 2062 3098">
    <p class='ocr_par' dir='ltr' id='par_1_8' title="bbox 225 2949 2062 3098">
     <span class='ocr_line' id='line_1_28' title="bbox 225 2949 1420 3006; baseline -0.001 -13"><span class='ocrx_word' id='word_1_249' title='bbox 225 2949 351 2993; x_wconf 83' lang='lat' dir='ltr'>Teste</span> <span class='ocrx_word' id='word_1_250' title='bbox 376 2950 498 3006; x_wconf 82' lang='lat' dir='ltr'>Rege</span> <span class='ocrx_word' id='word_1_251' title='bbox 519 2951 635 3005; x_wconf 88' lang='lat' dir='ltr'>apud</span> <span class='ocrx_word' id='word_1_252' title='bbox 657 2949 1121 2993; x_wconf 82' lang='lat' dir='ltr'>WESTMONASTERIUM</span> <span class='ocrx_word' id='word_1_253' title='bbox 1141 2965 1183 2992; x_wconf 84' lang='lat' dir='ltr'>x.</span> <span class='ocrx_word' id='word_1_254' title='bbox 1207 2951 1276 2992; x_wconf 87' lang='lat' dir='ltr'>die</span> <span class='ocrx_word' id='word_1_255' title='bbox 1296 2950 1326 2994; x_wconf 85' lang='lat' dir='ltr'><strong>J</strong></span> <span class='ocrx_word' id='word_1_256' title='bbox 1329 2950 1420 2993; x_wconf 84' lang='lat' dir='ltr'>ulii.</span> 
     </span>
     <span class='ocr_line' id='line_1_29' title="bbox 1398 3039 2062 3098; baseline 0 -16"><span class='ocrx_word' id='word_1_257' title='bbox 1398 3040 1482 3082; x_wconf 90' lang='lat' dir='ltr'>Per</span> <span class='ocrx_word' id='word_1_258' title='bbox 1501 3040 1626 3098; x_wconf 78' lang='lat' dir='ltr'>breve</span> <span class='ocrx_word' id='word_1_259' title='bbox 1647 3041 1701 3082; x_wconf 89' lang='lat' dir='ltr'>de</span> <span class='ocrx_word' id='word_1_260' title='bbox 1722 3040 1887 3096; x_wconf 88' lang='lat' dir='ltr'>privato</span> <span class='ocrx_word' id='word_1_261' title='bbox 1909 3039 2062 3096; x_wconf 74' lang='lat' dir='ltr'>sig-illo.</span> 
     </span>
    </p>
   </div>
  </div>
 </body>
</html>
