2386 3645
1898 265 2008 308 1405

178 466 293 510 Item
312 467 387 511 ubi
406 467 622 524 predictus
641 466 671 510 J
673 480 884 509 OHANNES
904 467 957 509 de
977 465 1207 509 MOUBRAY
1226 469 1348 510 vooat
1367 468 1422 510 ad
1442 469 1712 512 warrantiam
1734 484 1876 513 versus
1896 472 2057 527 predic-

117 559 213 601 tum
232 572 369 614 nuper
389 557 586 601 comitem
605 556 652 598 in
672 556 829 612 placito
848 556 1037 612 predicto
1056 555 1087 599 J
1088 570 1313 598 οΗΑΝΝΕΜ
1332 557 1471 600 filium
1494 557 1524 600 J
1527 572 1725 601 OHANNIS
1746 560 1798 602 de
1827 560 2056 604 MOUBRAY

121 650 164 691 et
184 647 214 691 J
216 662 442 691 οΗΑΝΝΕΜ
462 648 515 690 de
540 647 707 690 Bomm
739 647 793 689 de
822 645 1072 690 Mmmmsr
1101 647 1438 703 consanguineos
1466 650 1510 690 et
1538 647 1713 691 heredes
1741 648 1987 693 WILLELMI
2008 651 2061 694 de

118 738 331 783 BREousn
353 739 538 782 chivaler
557 740 601 782 et
619 737 833 794 predictus
862 752 1000 794 nuper
1020 752 1156 781 comes
1177 740 1298 781 vocat
1318 739 1372 781 ad
1392 739 1664 782 warrantiam
1692 739 1801 782 illud
1816 742 2060 785 concessisse

120 829 364 873 debuissent
392 830 536 885 aliqua
575 843 700 872 causa
743 843 819 885 per
867 828 1106 884 predictum
1140 843 1278 885 nuper
1315 829 1514 872 comitem
1551 830 1711 873 adtunc
1750 831 1935 888 allegata
1973 847 2060 875 non

113 919 320 964 obstante.
382 920 443 963 Et
461 920 508 962 in
528 919 607 963 hoc
619 920 734 976 quod
753 919 884 962 iidem
899 918 1124 975 justiciarii
1140 920 1368 976 quemdam
1381 920 1545 964 exitum
1560 921 1706 977 placiti
1722 921 1835 965 inter
1848 922 2056 978 predictos

111 1026 247 1067 nuper
267 1011 464 1054 comitem
484 1014 527 1054 et
546 1011 577 1054 J
579 1025 804 1053 OHANNEM
825 1011 879 1053 de
900 1010 1130 1053 MOUBRAY
1150 1026 1275 1067 super
1298 1012 1454 1068 placito
1479 1012 1668 1068 predicto
1689 1015 1959 1068 acceptarunt
1981 1013 2054 1069 qui

112 1102 285 1158 quidem
309 1102 449 1145 exitus
488 1116 565 1158 per
603 1102 744 1158 legem
778 1102 963 1145 ANGLIE
996 1102 1042 1144 in
1077 1117 1126 1144 ea
1165 1106 1286 1158 parte
1318 1102 1585 1159 acceptabilis
1619 1117 1706 1146 non
1745 1103 1831 1146 fuit
1866 1106 1908 1146 et
1942 1107 2056 1160 post-

113 1194 289 1237 modum
313 1193 512 1236 seisinam
531 1193 699 1250 prefato
726 1207 864 1249 nuper
889 1192 1033 1236 comiti
1060 1194 1113 1236 de
1133 1193 1333 1249 predictis
1359 1193 1613 1237 tenementis
1640 1195 1958 1238 considerarunt
1978 1195 2059 1251 ipsi

115 1286 377 1328 erraverunt.

172 1375 287 1419 Item
311 1375 385 1418 ubi
413 1376 628 1432 predictus
655 1375 685 1418 J
688 1389 898 1418 OHANNES
918 1376 971 1418 de
1001 1374 1232 1418 Movmmv
1251 1375 1338 1418 fuit
1356 1376 1592 1419 essoniatus
1610 1376 1685 1419 ubi
1706 1376 1808 1420 satis
1828 1376 1965 1433 liquet
1985 1391 2060 1433 per

113 1467 336 1510 recordum
359 1467 599 1523 predictum
625 1468 740 1523 quod
767 1466 883 1509 idem
908 1466 939 1509 J
941 1480 1152 1509 OHANNES
1172 1467 1225 1510 de
1250 1466 1480 1510 MOUBRAY
1503 1467 1656 1510 habuit
1686 1468 1899 1523 quendam
1929 1471 2059 1512 attor-

113 1559 266 1600 natum
286 1557 333 1600 in
353 1557 509 1613 placito
529 1557 719 1614 predicto
739 1558 888 1600 eodem
906 1557 1090 1600 termino
1110 1558 1156 1600 in
1181 1572 1265 1614 quo
1285 1572 1385 1601 casu
1403 1557 1628 1614 justiciarii
1650 1558 1828 1614 predicti
1847 1559 2059 1602 essonium

112 1648 224 1691 fflud
245 1662 424 1691 cassasse
443 1647 700 1691 debuissent.
762 1648 824 1691 Et
842 1649 889 1691 in
909 1647 989 1691 hoc
1009 1649 1124 1704 quod
1143 1649 1226 1705 ipsi
1244 1664 1332 1692 non
1353 1650 1542 1692 fecerunt
1560 1649 1643 1705 ipsi
1663 1653 1922 1693 erraverunt.

168 1738 284 1782 Item
303 1738 379 1782 ubi
398 1739 627 1783 vicecomes
647 1739 875 1782 HERFORD
895 1740 1191 1796 impanellavit
1211 1743 1254 1783 et
1273 1741 1506 1784 retornavit
1526 1741 1685 1784 virtute
1714 1741 1853 1784 brevis
1879 1742 2057 1797 predicti

111 1830 256 1873 venire
275 1830 463 1873 faciendi
482 1845 567 1873 xm.
591 1831 646 1873 ad
666 1830 781 1874 diem
800 1830 847 1874 in
868 1832 1016 1874 eodem
1036 1830 1154 1874 brevi
1174 1834 1422 1874 contentum
1442 1836 1567 1888 prout
1588 1834 1706 1888 patet
1735 1847 1810 1887 per
1835 1832 2058 1875 recordum

109 1923 153 1963 et
172 1935 412 1977 processum
450 1922 640 1978 predicta
679 1923 885 1978 quosdam
917 1922 947 1965 J
949 1936 1158 1966 oHANNEs
1194 1923 1246 1964 de
1279 1922 1544 1965 EYLEsFom)
1579 1923 1632 1965 de
1673 1922 1835 1964 PENNE
1875 1922 2057 1966 militem

108 2010 384 2054 EDMUNDUM
420 2010 643 2055 HACLUYT
673 2013 726 2055 de
753 2011 1002 2055 LANGFORT
1027 2013 1209 2056 militem
1243 2012 1500 2056 HEmucUM
1536 2014 1589 2056 de
1616 2012 1845 2056 HERFORD
1875 2013 2057 2057 militem

109 2101 410 2145 RADULPHUM
431 2103 484 2146 de
504 2102 821 2146 ZEDDEVENNE
843 2107 886 2147 et
906 2104 1012 2146 alios
1033 2105 1088 2146 ad
1108 2119 1235 2160 quem
1255 2104 1370 2146 diem
1399 2104 1480 2160 ipsi
1510 2119 1594 2147 non
1627 2109 1953 2161 comparuerunt
1980 2119 2056 2161 per

108 2195 222 2250 quod
252 2195 410 2237 adtunc
439 2196 655 2251 quoddam
687 2195 813 2238 breve
844 2196 897 2238 de
926 2194 1082 2238 habeas
1117 2210 1289 2252 corpora
1315 2195 1557 2252 juratorum
1584 2196 1792 2239 directum
1825 2196 1910 2239 fuit
1945 2196 2054 2239 vice-

107 2285 252 2328 comiti
271 2286 461 2342 predicto
481 2286 769 2330 retournabile
789 2287 844 2329 ad
864 2289 1027 2329 certum
1047 2287 1162 2330 diem
1181 2290 1225 2330 et
1244 2287 1290 2330 in
1310 2288 1458 2330 eodem
1478 2286 1596 2330 brevi
1616 2288 1669 2330 de
1694 2287 1849 2330 habeas
1880 2302 2052 2343 corpora

106 2375 347 2431 juratorum
366 2377 545 2432 predicti
567 2377 592 2418 J
596 2391 808 2419 OHANNES
829 2376 1088 2419 EDMUNDUS
1104 2377 1345 2420 HENRICUS
1361 2380 1404 2420 et
1420 2377 1703 2421 RADULPHUS
1720 2378 1861 2420 omissi
1876 2377 2051 2421 fuerunt

104 2469 231 2522 prout
249 2470 369 2523 patet
389 2483 464 2523 per
483 2469 704 2511 recordum
722 2468 962 2524 predictum
983 2473 1025 2511 et
1045 2468 1104 2510 sic
1123 2483 1338 2524 processus
1359 2475 1506 2511 contra
1526 2470 1694 2512 eosdem
1724 2468 1934 2525 juratores
1965 2469 2048 2511 dis-

103 2557 375 2601 continuatus
413 2558 512 2602 fuit.
588 2559 650 2601 Et
683 2559 730 2602 in
757 2559 836 2602 hoc
867 2559 982 2616 quod
1017 2560 1196 2615 predicti
1230 2560 1455 2616 justiciarii
1486 2563 1688 2616 ceperunt
1711 2560 1902 2615 juratam
1936 2560 2048 2603 inter

104 2648 315 2704 predictas
343 2664 419 2705 per
439 2649 543 2692 alios
564 2649 773 2706 imatores
793 2654 836 2693 et
856 2650 1054 2693 seisinam
1083 2650 1249 2706 prefato
1281 2666 1418 2707 nuper
1443 2651 1587 2694 comiti
1618 2652 1671 2694 de
1704 2650 1903 2707 predictis
1929 2654 2047 2694 tene-

106 2739 262 2781 mentis
282 2740 602 2783 considerarunt
622 2741 703 2797 ipsi
723 2746 986 2785 erraverunt.

161 2828 274 2872 Item
303 2832 398 2886 post
436 2830 675 2886 predictum
711 2831 837 2875 breve
873 2833 925 2875 de
965 2833 1109 2875 venire
1149 2832 1344 2875 faciendo
1375 2832 1613 2888 predictum
1645 2831 1771 2875 breve
1803 2832 1856 2873 de
1891 2830 2046 2874 habeas

102 2932 274 2974 corpora
293 2919 605 2964 consideratum
624 2921 711 2965 fuit
730 2922 927 2966 videficet
947 2924 1000 2966 de
1019 2922 1215 2966 habendo
1237 2938 1409 2979 corpora
1428 2923 1458 2966 J
1460 2937 1659 2965 OHANNIS
1680 2922 1837 2965 ΟΟΜΒΕ
1866 2921 1896 2965 J
1898 2936 2042 2964 onus-

105 3023 178 3052 ms
198 3010 250 3052 de
271 3009 537 3054 EYLEsrom)
559 3014 601 3054 et
621 3011 828 3056 Humum
849 3014 902 3056 de
922 3013 1164 3057 HERFORD.
1239 3013 1328 3060 Qui
1347 3014 1520 3070 quidem
1541 3013 1570 3057 J
1573 3027 1783 3055 OHANNES
1803 3012 1833 3056 J
1835 3026 2044 3055 OHANNES
