2386 3645
1953 295 2061 336 1597

243 496 411 544 Quibus
440 497 593 539 litteris
622 512 697 552 per
725 511 802 539 nos
831 497 1035 539 vicarium
1065 500 1306 554 generalem
1341 499 1602 541 antedictum
1636 500 1736 541 visis
1770 503 1813 542 et
1847 500 2046 555 inspeetis
2081 505 2123 543 et

182 587 411 643 diligenter
441 587 693 630 examinatis
726 620 734 628 .
765 587 960 642 ipsasque
993 602 1067 642 per
1096 588 1232 630 dictos
1260 589 1530 644 inquisitores
1564 589 1847 644 deposiciones
1882 590 2120 632 invenimus

180 676 271 720 fore
306 692 425 720 veras
455 677 592 732 justas
627 680 670 719 et
705 676 900 720 honestas
930 692 977 720 ao
1007 677 1053 719 in
1083 678 1201 720 nullo
1230 678 1527 733 prejudiciales
1554 711 1562 720 .
1590 681 1639 720 ut
1668 678 1901 733 accepimus
1924 711 1931 719 .
1956 680 2121 721 easdem

180 769 344 811 litteras
364 772 573 824 quantum
593 768 638 810 in
659 767 781 810 nobis
801 771 864 810 est
883 768 1165 823 approbamus
1192 771 1235 811 et
1263 769 1402 824 sigillo
1434 768 1557 810 officii
1587 768 1720 810 nostn'
1749 769 2008 824 impensione
2039 784 2123 811 una

182 874 278 901 oum
299 859 402 901 dieti
423 858 586 901 domini
607 859 635 900 J
638 872 837 900 OHANNIS
858 859 1007 901 decani
1028 860 1080 901 de
1106 859 1361 902 GROUNETH
1389 859 1662 902 commissarii
1690 859 1823 900 nostri
1853 859 2052 914 sepedicti
2082 864 2123 901 et

180 949 333 1005 sigillis
373 949 583 992 dictorum
627 949 927 1004 inquisitorum
971 953 1014 991 et
1055 949 1195 1006 sigillo
1231 950 1355 992 officii
1391 951 1455 991 sui
1485 949 1567 991 hiis
1597 949 1791 1004 appensis
1829 948 2123 991 confirmamus

178 1040 442 1096 presencium
463 1055 559 1082 oum
579 1043 736 1082 tenore.

237 1129 401 1172 Datum
447 1131 586 1186 quoad
622 1130 928 1185 sigillaeionem
963 1133 1149 1173 nostram
1185 1132 1449 1187 presencium
1480 1131 1593 1186 apud
1629 1129 1849 1171 LANDAFF
1885 1130 2020 1184 primo
2055 1129 2122 1170 die

178 1221 334 1263 mensis
354 1220 602 1263 Decembris
623 1236 734 1263 anno
757 1221 919 1263 domini
939 1221 1163 1264 millesimo
1184 1230 1332 1264 coccum·
1356 1221 1512 1263 tercio.¹

237 1310 329 1353 One
352 1312 472 1354 small
495 1312 594 1363 seal,
616 1326 642 1353 a
662 1313 855 1354 orowned
877 1311 919 1363 J,
942 1313 1027 1354 and
1047 1312 1284 1368 fragments
1305 1312 1350 1353 of
1380 1312 1533 1363 others,
1555 1312 1629 1352 red
1651 1325 1757 1352 wax.

236 1402 530 1445 Endorse‹l——-‘
547 1401 613 1445 De
634 1403 758 1445 metis
779 1403 831 1444 de
854 1401 1095 1460 Langonod
1117 1408 1158 1446 et
1179 1402 1370 1459 Kenfig.‘'
1432 1406 1441 1424 ⁴
1456 1401 1684 1458 Margam.'

357 1494 404 1530 (l)
447 1492 526 1522 This
541 1494 617 1522 date
631 1502 767 1531 appears
784 1500 817 1522 to
835 1494 871 1523 be
886 1504 904 1522 a
921 1494 1058 1523 mistake
1074 1495 1123 1524 for
1144 1497 1150 1522 1
1165 1497 1223 1523 Ηῑί.
1241 1495 1294 1523 the
1312 1503 1387 1532 year
1402 1495 1434 1523 of
1451 1493 1506 1522 the
1520 1493 1598 1522 deed
1613 1492 1730 1522 recites]
1748 1493 1776 1521 iu
1795 1493 1850 1521 the
1865 1496 1946 1521 text.

1037 1976 1271 2019 MCLXX.

178 2083 554 2131 QUIT-OLAIM
626 2083 713 2126 BY
788 2083 1077 2126 RICHARD
1159 2081 1369 2124 MORYS
1442 2080 1519 2123 OF
1593 2079 1969 2123 OOWBRIDGE
2043 2080 2117 2123 ΤΟ

363 2174 599 2218 HOWEL
660 2174 872 2218 CARNE
933 2174 1011 2216 OF
1070 2173 1244 2216 LAND
1305 2172 1376 2214 IN
1436 2171 1934 2214 LANBLETHYAN.

986 2280 1165 2338 [CARNE
1202 2279 1320 2336 MS]

1259 2390 1284 2429 7
1326 2387 1434 2429 FER,
1511 2387 1565 2428 22
1607 2386 1731 2428 HEN.
1776 2385 1856 2428 VI.
1937 2387 2057 2427 1444.

231 2497 439 2540 Omnibus
480 2497 667 2540 OHms'rI
704 2497 899 2539 fidelibus
940 2499 993 2539 ad
1027 2512 1131 2553 quos
1167 2511 1335 2552 presens
1365 2495 1567 2550 seriptum
1604 2494 1842 2549 pervenerit
1885 2493 2112 2535 RmAnnUs

173 2589 333 2631 Moms
365 2589 586 2644 burgensis
618 2589 670 2630 de
703 2587 980 2630 COUBRUGGE
1014 2588 1194 2630 salutem
1229 2588 1273 2629 in
1308 2587 1494 2629 Domino
1527 2585 1838 2640 sempiternam.
1899 2583 2114 2625 Noveritis

174 2695 242 2722 me
284 2679 487 2722 remisisse
528 2681 571 2721 et
619 2679 934 2734 imperpetuum
973 2679 1165 2733 quietum
1206 2678 1404 2720 clamasse
1444 2690 1519 2730 pro
1559 2690 1625 2717 me
1667 2677 1707 2716 et
1750 2673 1973 2715 heredibus
2013 2673 2115 2714 meis

174 2773 380 2816 HovaLo
413 2772 570 2815 CARNE
603 2771 828 2814 heredibus
855 2774 897 2813 et
924 2769 1149 2825 assignatis
1170 2768 1255 2810 suis
1282 2771 1420 2809 totum
1442 2766 1513 2822 jus
1532 2780 1675 2807 meum
1701 2768 1742 2806 et
1772 2764 1975 2806 elameum
2003 2764 2115 2818 quod

174 2879 364 2920 unquam
403 2862 534 2905 habui
572 2862 706 2905 habeo
743 2877 815 2904 seu
851 2861 1125 2916 quovismodo
1165 2860 1441 2914 imposterum
1481 2856 1634 2898 habere
1674 2858 1819 2910 potero
1855 2854 1898 2895 in
1936 2857 2115 2908 quatuor

175 2955 280 2998 aeris
301 2958 410 2996 terre
431 2957 473 2995 et
502 2952 638 2995 tribus
667 2953 780 2994 rodis
809 2952 920 3007 prati
951 2966 1046 2993 eum
1077 2949 1344 3006 pertinentiis
1373 2947 1500 2990 simul
1529 2947 1715 3002 jacentes
1739 2945 1783 2986 in
1805 2959 1950 2999 eampo
1972 2948 2115 2985 vocato

174 3045 346 3089 Sussrus
368 3058 422 3085 LE
451 3043 613 3085 Bmcn
634 3042 680 3084 in
702 3041 826 3084 feodo
847 3043 899 3083 de
929 3041 1274 3083 LANBLETHYAN
1306 3042 1430 3095 prout
1460 3038 1619 3080 ibidem
1648 3036 1790 3092 jacent
1821 3035 1932 3076 inter
1960 3037 2113 3075 terram
