2386 3645
330 308 441 349 1268

269 515 451 569 propriis
471 520 514 556 et
534 514 727 570 expensis
748 518 921 570 excepto
942 529 1065 570 opere
1085 514 1229 570 ligneo
1251 516 1413 571 goutes¹
1451 514 1586 556 dictas
1605 514 1764 556 waldas
1784 516 2071 556 concernente.
2119 512 2224 559 Que⁴

269 605 443 660 quidem
465 609 594 660 geute
615 606 649 647 si
669 606 936 661 indiguerint
956 605 1141 647 amoveri
1161 621 1234 647 seu
1256 605 1387 647 eciam
1409 604 1556 660 reponi
1577 604 1816 660 sumptibus
1835 603 1967 659 ipsius
1987 602 2152 645 abbatis
2171 607 2215 645 et

264 696 465 751 custagiis
505 696 607 738 dieti
646 697 670 737 J
675 710 884 738 OHANNES
924 700 966 737 et
995 695 1025 738 J
1028 710 1147 737 EVAN
1179 695 1436 738 amovebunt
1479 698 1522 737 et
1560 695 1716 737 iterum
1751 697 1958 750 reponent
1988 727 1998 737 .
2030 693 2215 749 pasturis

267 785 477 828 dictarum
499 787 733 828 walderum
763 787 864 842 ipsis
899 786 928 829 J
931 800 1107 828 OHANNI
1139 790 1181 828 et
1221 785 1250 828 J
1255 800 1375 827 EVAN
1406 800 1481 840 pro
1512 785 1663 827 averiis
1693 785 1778 827 suis
1808 784 2027 840 pascendis
2056 784 2215 840 absque

265 875 454 931 ipsarum
476 877 743 933 pejoracione
764 877 929 932 integre
949 875 1279 918 remanentibus.
1332 876 1377 918 Si
1399 891 1497 918 vero
1519 875 1742 931 contingat
1763 875 2067 918 inundaciones
2086 875 2224 917 maris-

265 967 444 1008 transire
459 968 602 1009 cilium
615 970 944 1009 memoratarum
953 967 1187 1008 waldarum
1200 967 1311 1021 ipsas
1324 967 1482 1007 waldas
1495 969 1584 1007 tam
1597 966 1826 1008 enormiter
1837 966 2088 1020 frangendo,
2098 966 2213 1021 quod

261 1072 349 1098 non
370 1061 539 1112 possent
560 1058 671 1099 inter
692 1059 797 1099 duas
818 1058 943 1112 tydas
973 1057 1101 1098 maris
1131 1056 1302 1098 fluentis
1332 1059 1374 1097 et
1395 1056 1612 1098 refluentis
1632 1071 1708 1111 per
1737 1056 1849 1111 ipsos
1879 1055 1908 1098 J
1911 1070 2136 1098 OHANNEM
2164 1059 2208 1098 et

262 1147 292 1189 J
296 1162 418 1190 EUAN
436 1148 592 1203 absque
612 1148 856 1190 imminenti
876 1147 1061 1202 periculo
1081 1146 1268 1202 reparari
1284 1147 1398 1201 quod
1419 1145 1530 1188 absit
1548 1149 1652 1188 tune
1673 1146 1886 1201 predictus
1902 1145 2031 1188 abbas
2051 1146 2209 1188 eisdem

259 1237 464 1293 juvamen
487 1237 704 1280 exhibebit
724 1253 799 1292 pro
817 1237 928 1279 dicto
944 1237 1130 1292 periculo
1152 1236 1338 1278 securius
1357 1236 1570 1277 evitando.
1631 1235 1705 1277 Ad
1726 1250 1808 1290 que
1822 1236 1965 1277 omnia
1982 1239 2024 1278 et
2039 1235 2209 1292 singula

256 1329 459 1383 premissa
489 1328 670 1370 fideliter
700 1327 960 1369 observanda
987 1327 1033 1368 in
1063 1326 1201 1368 forma
1232 1329 1454 1382 prenotata
1484 1325 1664 1381 predicti
1703 1324 1731 1367 J
1735 1339 1945 1367 OHANNES
1979 1329 2021 1368 et
2051 1325 2080 1369 J
2084 1340 2206 1368 EVAN

257 1418 450 1474 obligant
471 1433 513 1460 se
544 1422 585 1460 et
614 1419 756 1460 omnia
776 1417 887 1459 bona
919 1433 994 1459 sua
1023 1417 1198 1459 mobilia
1228 1419 1270 1458 et
1300 1416 1536 1459 immobilia
1565 1431 1640 1472 per
1669 1419 1883 1472 presentes
1917 1417 1970 1458 ad
2004 1431 2203 1472 quorum-

257 1524 422 1563 cunque
442 1524 596 1550 manus
617 1509 863 1550 devenerint
889 1511 978 1549 tam
1008 1507 1123 1549 infra
1152 1507 1369 1549 libertates
1400 1506 1704 1563 cujuscumque
1734 1507 1914 1548 dominii
1941 1522 2070 1562 quam
2091 1511 2211 1550 extra

255 1599 491 1641 cohercioni
512 1602 555 1641 et
575 1598 834 1641 districcioni
854 1599 985 1654 ipsius
1006 1598 1171 1641 abbatis
1201 1613 1419 1654 quousque
1449 1598 1637 1653 plenarie
1668 1596 1748 1639 sibi
1779 1597 1910 1640 fuerit
1941 1597 2206 1640 satisfactum

253 1690 289 1732 si
309 1691 543 1745 dampnum
566 1690 846 1745 quodcunque
866 1689 912 1730 in
932 1689 1145 1744 premissis
1173 1704 1249 1744 per
1279 1689 1511 1730 eorundem
1542 1687 1756 1730 defectum
1786 1688 1983 1730 acciderit
2015 1689 2204 1743 quando-

251 1796 429 1835 cunque.
483 1779 682 1822 Preterea
698 1781 835 1822 dictus
851 1779 980 1822 abbas
1001 1779 1202 1822 concessit
1217 1779 1389 1821 cuilibet
1407 1780 1637 1821 eorundem
1653 1778 1683 1821 J
1686 1793 1808 1820 OHAN
1815 1793 1885 1820 Nis
1900 1782 1941 1820 et
1956 1780 2108 1821 JEVAN
2129 1795 2206 1834 per

251 1870 531 1913 ebdomodam
567 1872 672 1913 duas
705 1885 892 1913 summas
922 1871 974 1912 de
1006 1873 1173 1912 mortuo
1201 1869 1324 1912 bosco
1361 1884 1435 1911 suo
1475 1884 1551 1925 per
1586 1868 1857 1911 forestarium
1885 1885 2009 1911 suum
2046 1871 2204 1912 eisdem

248 1961 489 2004 liberandas
518 1977 593 2018 per
623 1965 792 2017 tempus
824 1962 1015 2017 superius
1047 1964 1312 2003 annotatum.
1374 1959 1447 2002 Ita
1476 1965 1620 2002 tamen
1649 1961 1763 2015 quod
1794 1960 1828 2001 si
1847 1961 2012 2002 inventi
2034 1961 2200 2003 fuerint

247 2054 584 2109 quandocunque
605 2053 767 2108 aliquid
788 2052 922 2094 viride
944 2052 1154 2094 succidere
1175 2055 1249 2094 aut
1270 2054 1483 2107 asportare
1504 2051 1618 2106 quod
1639 2066 1763 2106 super
1783 2050 1865 2092 hiis
1881 2051 2199 2107 respondebunt

247 2145 295 2187 in
335 2145 451 2187 curia
490 2145 623 2201 ipsius
664 2144 829 2186 abbatis
869 2146 912 2186 et
952 2142 1294 2185 amerciabuntur
1339 2143 1573 2184 secundum
1612 2142 1757 2184 delicti
1797 2142 2081 2198 quantitatem
2122 2157 2207 2198 pro

247 2235 438 2292 qualibet
451 2235 552 2278 vice.
605 2234 660 2277 In
678 2235 800 2290 eujus
812 2235 873 2277 rei
885 2235 1176 2277 testimonium
1188 2233 1288 2276 huic
1301 2235 1486 2289 presenti
1502 2234 1729 2275 indenture
1749 2236 1890 2289 partes
1906 2234 2208 2289 prenominate

248 2325 392 2381 sigilla
412 2341 488 2367 sua
508 2325 753 2367 alternatim
775 2328 1075 2380 apposuerunt.

306 2417 470 2459 Datum
492 2417 606 2473 apud
628 2416 834 2459 MARGAN
857 2416 926 2458 die
947 2420 989 2458 et
1009 2431 1122 2458 anno
1152 2415 1418 2471 supradictis.

305 2507 600 2550 Endorsed—-‘
617 2507 746 2549 Avan
767 2509 820 2549 de
840 2507 1109 2563 reparacione
1129 2507 1365 2548 waldorum
1385 2506 1431 2548 in
1452 2504 1610 2548 Avan.'

306 2599 409 2642 Two
430 2600 536 2642 seals
556 2599 787 2656 originally
803 2614 812 2640 ε

309 2691 371 2747 (1)
407 2690 504 2733 Red
523 2706 632 2742 wax,
655 2705 680 2732 a
700 2693 870 2733 rosette.

882 2767 892 2786 ‘
917 2771 958 2813 -Ι-
988 2764 1021 2806 s'
1045 2764 1197 2806 WILL'I
1218 2779 1299 2807 son
1323 2795 1540 2806 .......
1546 2761 1556 2780 ’

307 2822 367 2878 (2)
399 2822 518 2865 Lost.

301 2913 332 2942 A
356 2913 434 2942 deed
459 2912 510 2941 ‘in
525 2912 620 2941 modo
635 2911 824 2942 indenture'
841 2921 876 2942 so
892 2912 994 2942 called
1009 2913 1146 2942 because
1161 2912 1203 2942 its
1219 2922 1321 2950 upper
1341 2910 1468 2948 margin
1483 2919 1549 2938 was
1571 2909 1737 2947 indented,
1757 2917 1794 2938 so
1815 2908 1888 2937 that
1909 2908 2009 2946 being
2030 2909 2187 2947 prepared

251 2968 318 2998 and
332 2971 387 2998 cut
401 2968 435 2997 in
450 2968 625 3006 duplicate,
647 2968 702 2998 the
724 2971 791 2998 two
815 2972 904 3006 parts
925 2968 1020 2998 when
1040 2967 1183 3005 brought
1204 2968 1356 3005 together
1370 2970 1405 2996 at
1426 2975 1491 3004 any
1513 2966 1710 3002 subsequent
1731 2963 1843 3002 period
1864 2963 1962 2994 could
1984 2964 2060 2994 then
2081 2965 2188 2995 afford

254 3025 348 3063 proof
383 3024 416 3053 of
451 3024 536 3053 their
563 3032 712 3053 common
740 3024 856 3061 origin.
913 3024 981 3054 The
1009 3025 1099 3053 word
1127 3023 1343 3053 ‘Indenture'
1381 3031 1447 3051 was
1475 3021 1545 3050 also
1574 3020 1704 3050 written
1732 3028 1841 3050 across
1869 3019 1925 3049 the
1953 3019 2193 3051 indentations.

252 3079 445 3110 Sometimes
459 3079 514 3108 the
529 3079 607 3109 deed
624 3088 691 3109 was
707 3079 810 3109 called
825 3089 844 3109 a
860 3079 1079 3118 ‘cyrograph‚’
1094 3080 1167 3109 that
1182 3079 1281 3116 being
1294 3078 1350 3108 the
1365 3077 1454 3107 word
1469 3076 1611 3106 written.

2310 878 2338 889 κ
