<?xml version="1.0" encoding="UTF-8"?>
<!DOCTYPE html PUBLIC "-//W3C//DTD XHTML 1.0 Transitional//EN"
    "http://www.w3.org/TR/xhtml1/DTD/xhtml1-transitional.dtd">
<html xmlns="http://www.w3.org/1999/xhtml" xml:lang="en" lang="en">
 <head>
  <title>
</title>
<meta http-equiv="Content-Type" content="text/html;charset=utf-8" />
  <meta name='ocr-system' content='tesseract 3.04.00' />
  <meta name='ocr-capabilities' content='ocr_page ocr_carea ocr_par ocr_line ocrx_word'/>
</head>
<body>
  <div class='ocr_page' id='page_1' title='image "./cartaeetaliamuni04claruoft_0076.png"; bbox 0 0 2386 3645; ppageno 0'>
   <div class='ocr_carea' id='block_1_1' title="bbox 307 259 417 302">
    <p class='ocr_par' dir='ltr' id='par_1_1' title="bbox 307 259 417 302">
     <span class='ocr_line' id='line_1_1' title="bbox 307 259 417 302; baseline 0 0"><span class='ocrx_word' id='word_1_1' title='bbox 307 259 417 302; x_wconf 81' lang='lat'>1228</span> 
     </span>
    </p>
   </div>
   <div class='ocr_carea' id='block_1_2' title="bbox 241 466 2254 1520">
    <p class='ocr_par' dir='ltr' id='par_1_2' title="bbox 243 466 2254 1248">
     <span class='ocr_line' id='line_1_2' title="bbox 245 466 2187 523; baseline 0.001 -15"><span class='ocrx_word' id='word_1_2' title='bbox 245 466 468 508; x_wconf 81' lang='lat' dir='ltr'><strong>dimidiam</strong></span> <span class='ocrx_word' id='word_1_3' title='bbox 500 500 509 508; x_wconf 89' lang='lat'><strong>.</strong></span> <span class='ocrx_word' id='word_1_4' title='bbox 542 481 640 509; x_wconf 90' lang='lat' dir='ltr'>oum</span> <span class='ocrx_word' id='word_1_5' title='bbox 670 482 757 509; x_wconf 81' lang='lat' dir='ltr'>una</span> <span class='ocrx_word' id='word_1_6' title='bbox 787 466 966 509; x_wconf 88' lang='lat' dir='ltr'>dimidia</span> <span class='ocrx_word' id='word_1_7' title='bbox 995 481 1091 509; x_wconf 85' lang='lat' dir='ltr'>acra</span> <span class='ocrx_word' id='word_1_8' title='bbox 1129 467 1241 522; x_wconf 82' lang='lat' dir='ltr'>prati</span> <span class='ocrx_word' id='word_1_9' title='bbox 1280 466 1326 508; x_wconf 88' lang='lat' dir='ltr'>in</span> <span class='ocrx_word' id='word_1_10' title='bbox 1366 466 1502 508; x_wconf 76' lang='lat' dir='ltr'>SALso</span> <span class='ocrx_word' id='word_1_11' title='bbox 1543 466 1756 509; x_wconf 68' lang='lat' dir='ltr'>MAREsco</span> <span class='ocrx_word' id='word_1_12' title='bbox 1795 481 1899 523; x_wconf 86' lang='lat' dir='ltr'>quas</span> <span class='ocrx_word' id='word_1_13' title='bbox 1928 466 2187 511; x_wconf 64' lang='lat' dir='ltr'>WAmmws</span> 
     </span>
     <span class='ocr_line' id='line_1_3' title="bbox 246 556 2188 613; baseline 0.001 -14"><span class='ocrx_word' id='word_1_14' title='bbox 246 556 581 599; x_wconf 79' lang='lat' dir='ltr'><strong>FRANKHOMME</strong></span> <span class='ocrx_word' id='word_1_15' title='bbox 613 558 828 613; x_wconf 86' lang='lat' dir='ltr'>quondam</span> <span class='ocrx_word' id='word_1_16' title='bbox 849 558 901 600; x_wconf 87' lang='lat' dir='ltr'>de</span> <span class='ocrx_word' id='word_1_17' title='bbox 931 556 1052 600; x_wconf 88' lang='lat' dir='ltr'>nobis</span> <span class='ocrx_word' id='word_1_18' title='bbox 1072 557 1211 600; x_wconf 84' lang='lat' dir='ltr'>tenuit</span> <span class='ocrx_word' id='word_1_19' title='bbox 1234 592 1242 600; x_wconf 94' lang='lat'>.</span> <span class='ocrx_word' id='word_1_20' title='bbox 1266 557 1504 600; x_wconf 85' lang='lat' dir='ltr'>Reddendo</span> <span class='ocrx_word' id='word_1_21' title='bbox 1533 557 1634 600; x_wconf 84' lang='lat' dir='ltr'>inde</span> <span class='ocrx_word' id='word_1_22' title='bbox 1665 557 1786 600; x_wconf 87' lang='lat' dir='ltr'>nobis</span> <span class='ocrx_word' id='word_1_23' title='bbox 1815 561 1857 599; x_wconf 82' lang='lat' dir='ltr'>et</span> <span class='ocrx_word' id='word_1_24' title='bbox 1887 557 2188 601; x_wconf 86' lang='lat' dir='ltr'>successoribus</span> 
     </span>
     <span class='ocr_line' id='line_1_4' title="bbox 245 647 2186 704; baseline 0.001 -14"><span class='ocrx_word' id='word_1_25' title='bbox 245 647 400 690; x_wconf 87' lang='lat' dir='ltr'>nostris</span> <span class='ocrx_word' id='word_1_26' title='bbox 419 648 719 703; x_wconf 74' lang='lat' dir='ltr'>septemdecim</span> <span class='ocrx_word' id='word_1_27' title='bbox 740 648 892 691; x_wconf 84' lang='lat' dir='ltr'>solidos</span> <span class='ocrx_word' id='word_1_28' title='bbox 913 648 1214 704; x_wconf 82' lang='lat' dir='ltr'>sterlingorum</span> <span class='ocrx_word' id='word_1_29' title='bbox 1234 648 1289 690; x_wconf 82' lang='lat' dir='ltr'>ad</span> <span class='ocrx_word' id='word_1_30' title='bbox 1308 647 1418 690; x_wconf 76' lang='lat' dir='ltr'>festa</span> <span class='ocrx_word' id='word_1_31' title='bbox 1438 647 1584 690; x_wconf 81' lang='lat' dir='ltr'>Sancti</span> <span class='ocrx_word' id='word_1_32' title='bbox 1605 647 1862 691; x_wconf 77' lang='lat' dir='ltr'>MicHAEms</span> <span class='ocrx_word' id='word_1_33' title='bbox 1882 651 1925 690; x_wconf 88' lang='lat' dir='ltr'>et</span> <span class='ocrx_word' id='word_1_34' title='bbox 1954 649 2186 691; x_wconf 83' lang='lat' dir='ltr'>annuncia-</span> 
     </span>
     <span class='ocr_line' id='line_1_5' title="bbox 250 738 2191 795; baseline 0.001 -15"><span class='ocrx_word' id='word_1_35' title='bbox 250 738 380 780; x_wconf 88' lang='lat' dir='ltr'>cionis</span> <span class='ocrx_word' id='word_1_36' title='bbox 409 738 634 781; x_wconf 90' lang='lat' dir='ltr'>Dominice</span> <span class='ocrx_word' id='word_1_37' title='bbox 665 754 739 795; x_wconf 90' lang='lat' dir='ltr'>per</span> <span class='ocrx_word' id='word_1_38' title='bbox 769 739 939 795; x_wconf 81' lang='lat' dir='ltr'>equales</span> <span class='ocrx_word' id='word_1_39' title='bbox 968 739 1186 794; x_wconf 83' lang='lat' dir='ltr'>porciones</span> <span class='ocrx_word' id='word_1_40' title='bbox 1219 773 1226 781; x_wconf 87' lang='lat'>.</span> <span class='ocrx_word' id='word_1_41' title='bbox 1260 753 1307 780; x_wconf 87' lang='lat' dir='ltr'>ac</span> <span class='ocrx_word' id='word_1_42' title='bbox 1337 739 1469 781; x_wconf 83' lang='lat' dir='ltr'>eciam</span> <span class='ocrx_word' id='word_1_43' title='bbox 1499 738 1693 781; x_wconf 78' lang='lat' dir='ltr'>faciendo</span> <span class='ocrx_word' id='word_1_44' title='bbox 1724 739 1867 780; x_wconf 80' lang='lat' dir='ltr'>omnia</span> <span class='ocrx_word' id='word_1_45' title='bbox 1896 739 2069 781; x_wconf 84' lang='lat' dir='ltr'>servicia</span> <span class='ocrx_word' id='word_1_46' title='bbox 2097 773 2105 780; x_wconf 92' lang='lat'><strong>.</strong></span> <span class='ocrx_word' id='word_1_47' title='bbox 2135 739 2191 782; x_wconf 90' lang='lat' dir='ltr'>ad</span> 
     </span>
     <span class='ocr_line' id='line_1_6' title="bbox 247 828 2254 885; baseline 0.001 -15"><span class='ocrx_word' id='word_1_48' title='bbox 247 828 362 871; x_wconf 87' lang='lat' dir='ltr'>dicta</span> <span class='ocrx_word' id='word_1_49' title='bbox 381 829 649 885; x_wconf 85' lang='lat' dir='ltr'>mesuagium</span> <span class='ocrx_word' id='word_1_50' title='bbox 668 832 824 872; x_wconf 88' lang='lat' dir='ltr'>terram</span> <span class='ocrx_word' id='word_1_51' title='bbox 845 832 888 871; x_wconf 87' lang='lat' dir='ltr'>et</span> <span class='ocrx_word' id='word_1_52' title='bbox 907 832 1078 885; x_wconf 89' lang='lat' dir='ltr'>pratum</span> <span class='ocrx_word' id='word_1_53' title='bbox 1105 829 1376 884; x_wconf 72' lang='lat' dir='ltr'>pertinencia.</span> <span class='ocrx_word' id='word_1_54' title='bbox 1439 828 1498 870; x_wconf 87' lang='lat' dir='ltr'>Et</span> <span class='ocrx_word' id='word_1_55' title='bbox 1518 843 1595 870; x_wconf 85' lang='lat' dir='ltr'>nos</span> <span class='ocrx_word' id='word_1_56' title='bbox 1614 843 1712 870; x_wconf 86' lang='lat' dir='ltr'>vero</span> <span class='ocrx_word' id='word_1_57' title='bbox 1733 828 1911 884; x_wconf 76' lang='lat' dir='ltr'>predicti</span> <span class='ocrx_word' id='word_1_58' title='bbox 1934 862 1942 870; x_wconf 91' lang='lat'><strong>.</strong></span> <span class='ocrx_word' id='word_1_59' title='bbox 1967 862 1975 870; x_wconf 87' lang='lat'><strong>.</strong></span> <span class='ocrx_word' id='word_1_60' title='bbox 1998 828 2128 872; x_wconf 82' lang='lat' dir='ltr'>abbas</span> <span class='ocrx_word' id='word_1_61' title='bbox 2148 832 2190 873; x_wconf 89' lang='lat' dir='ltr'>et</span> <span class='ocrx_word' id='word_1_62' title='bbox 2237 850 2254 876; x_wconf 55' lang='lat' dir='ltr'>x</span> 
     </span>
     <span class='ocr_line' id='line_1_7' title="bbox 246 918 2188 976; baseline 0.001 -15"><span class='ocrx_word' id='word_1_63' title='bbox 246 923 478 962; x_wconf 84' lang='lat' dir='ltr'>conventus</span> <span class='ocrx_word' id='word_1_64' title='bbox 499 920 611 962; x_wconf 82' lang='lat' dir='ltr'>diota</span> <span class='ocrx_word' id='word_1_65' title='bbox 634 954 642 963; x_wconf 88' lang='lat'><strong>.</strong></span> <span class='ocrx_word' id='word_1_66' title='bbox 666 920 934 976; x_wconf 81' lang='lat' dir='ltr'>mesuagium</span> <span class='ocrx_word' id='word_1_67' title='bbox 955 922 1113 962; x_wconf 85' lang='lat' dir='ltr'>terram</span> <span class='ocrx_word' id='word_1_68' title='bbox 1134 922 1177 961; x_wconf 86' lang='lat' dir='ltr'>et</span> <span class='ocrx_word' id='word_1_69' title='bbox 1197 921 1370 975; x_wconf 84' lang='lat' dir='ltr'>pratum</span> <span class='ocrx_word' id='word_1_70' title='bbox 1393 953 1400 961; x_wconf 95' lang='lat'><strong>.</strong></span> <span class='ocrx_word' id='word_1_71' title='bbox 1424 918 1624 974; x_wconf 76' lang='lat' dir='ltr'>predictis</span> <span class='ocrx_word' id='word_1_72' title='bbox 1655 918 1891 961; x_wconf 80' lang='lat' dir='ltr'>GALFRIDO</span> <span class='ocrx_word' id='word_1_73' title='bbox 1911 921 1953 962; x_wconf 86' lang='lat' dir='ltr'>et</span> <span class='ocrx_word' id='word_1_74' title='bbox 1975 918 2188 963; x_wconf 75' lang='lat' dir='ltr'>Omsmm</span> 
     </span>
     <span class='ocr_line' id='line_1_8' title="bbox 246 1009 2192 1067; baseline 0.001 -14"><span class='ocrx_word' id='word_1_75' title='bbox 246 1011 382 1066; x_wconf 86' lang='lat' dir='ltr'>prime</span> <span class='ocrx_word' id='word_1_76' title='bbox 402 1011 525 1053; x_wconf 82' lang='lat' dir='ltr'>uxori</span> <span class='ocrx_word' id='word_1_77' title='bbox 546 1010 640 1067; x_wconf 86' lang='lat' dir='ltr'>ejus</span> <span class='ocrx_word' id='word_1_78' title='bbox 660 1012 764 1053; x_wconf 90' lang='lat' dir='ltr'>dum</span> <span class='ocrx_word' id='word_1_79' title='bbox 785 1010 971 1052; x_wconf 86' lang='lat' dir='ltr'>vixerint</span> <span class='ocrx_word' id='word_1_80' title='bbox 990 1010 1286 1052; x_wconf 80' lang='lat' dir='ltr'>tantummodo</span> <span class='ocrx_word' id='word_1_81' title='bbox 1306 1009 1564 1052; x_wconf 84' lang='lat' dir='ltr'>ratificamus</span> <span class='ocrx_word' id='word_1_82' title='bbox 1588 1015 1631 1052; x_wconf 87' lang='lat' dir='ltr'>et</span> <span class='ocrx_word' id='word_1_83' title='bbox 1658 1010 1955 1053; x_wconf 84' lang='lat' dir='ltr'>confirmamus</span> <span class='ocrx_word' id='word_1_84' title='bbox 1974 1025 2050 1066; x_wconf 88' lang='lat' dir='ltr'>pro</span> <span class='ocrx_word' id='word_1_85' title='bbox 2070 1011 2192 1055; x_wconf 83' lang='lat' dir='ltr'>nobis</span> 
     </span>
     <span class='ocr_line' id='line_1_9' title="bbox 245 1100 2190 1159; baseline 0.001 -15"><span class='ocrx_word' id='word_1_86' title='bbox 245 1104 288 1144; x_wconf 89' lang='lat' dir='ltr'>et</span> <span class='ocrx_word' id='word_1_87' title='bbox 309 1101 611 1144; x_wconf 83' lang='lat' dir='ltr'>successoribus</span> <span class='ocrx_word' id='word_1_88' title='bbox 631 1101 785 1144; x_wconf 84' lang='lat' dir='ltr'>nostris</span> <span class='ocrx_word' id='word_1_89' title='bbox 805 1101 851 1143; x_wconf 88' lang='lat' dir='ltr'>in</span> <span class='ocrx_word' id='word_1_90' title='bbox 873 1101 1011 1144; x_wconf 76' lang='lat' dir='ltr'>forma</span> <span class='ocrx_word' id='word_1_91' title='bbox 1026 1103 1261 1156; x_wconf 83' lang='lat' dir='ltr'>prenotata.</span> <span class='ocrx_word' id='word_1_92' title='bbox 1323 1100 1380 1142; x_wconf 92' lang='lat' dir='ltr'>In</span> <span class='ocrx_word' id='word_1_93' title='bbox 1401 1100 1525 1156; x_wconf 84' lang='lat' dir='ltr'>cujus</span> <span class='ocrx_word' id='word_1_94' title='bbox 1539 1100 1601 1142; x_wconf 89' lang='lat' dir='ltr'>rei</span> <span class='ocrx_word' id='word_1_95' title='bbox 1615 1100 1909 1143; x_wconf 86' lang='lat' dir='ltr'>testimonium</span> <span class='ocrx_word' id='word_1_96' title='bbox 1923 1101 2022 1143; x_wconf 90' lang='lat' dir='ltr'>huic</span> <span class='ocrx_word' id='word_1_97' title='bbox 2038 1102 2190 1159; x_wconf 86' lang='lat' dir='ltr'>scripto</span> 
     </span>
     <span class='ocr_line' id='line_1_10' title="bbox 243 1190 1858 1248; baseline -0.001 -14"><span class='ocrx_word' id='word_1_98' title='bbox 243 1191 537 1248; x_wconf 84' lang='lat' dir='ltr'>cirographato</span> <span class='ocrx_word' id='word_1_99' title='bbox 558 1195 699 1247; x_wconf 81' lang='lat' dir='ltr'>partes</span> <span class='ocrx_word' id='word_1_100' title='bbox 719 1191 1014 1247; x_wconf 82' lang='lat' dir='ltr'>prenominate</span> <span class='ocrx_word' id='word_1_101' title='bbox 1035 1191 1178 1247; x_wconf 83' lang='lat' dir='ltr'>sigilla</span> <span class='ocrx_word' id='word_1_102' title='bbox 1199 1206 1275 1233; x_wconf 86' lang='lat' dir='ltr'>sua</span> <span class='ocrx_word' id='word_1_103' title='bbox 1296 1190 1540 1232; x_wconf 81' lang='lat' dir='ltr'>alternatim</span> <span class='ocrx_word' id='word_1_104' title='bbox 1561 1193 1858 1247; x_wconf 86' lang='lat' dir='ltr'>apposuerunt.</span> 
     </span>
    </p>

    <p class='ocr_par' dir='ltr' id='par_1_3' title="bbox 241 1280 2191 1416">
     <span class='ocr_line' id='line_1_11' title="bbox 300 1280 2191 1338; baseline 0.001 -14"><span class='ocrx_word' id='word_1_105' title='bbox 300 1281 465 1325; x_wconf 88' lang='lat' dir='ltr'>Datum</span> <span class='ocrx_word' id='word_1_106' title='bbox 485 1283 599 1338; x_wconf 82' lang='lat' dir='ltr'>apud</span> <span class='ocrx_word' id='word_1_107' title='bbox 627 1281 832 1324; x_wconf 75' lang='lat' dir='ltr'><strong>MARGAN</strong></span> <span class='ocrx_word' id='word_1_108' title='bbox 853 1281 899 1324; x_wconf 93' lang='lat' dir='ltr'>in</span> <span class='ocrx_word' id='word_1_109' title='bbox 921 1282 1030 1324; x_wconf 84' lang='lat' dir='ltr'>festo</span> <span class='ocrx_word' id='word_1_110' title='bbox 1059 1281 1174 1324; x_wconf 88' lang='lat' dir='ltr'>beati</span> <span class='ocrx_word' id='word_1_111' title='bbox 1205 1280 1441 1323; x_wconf 78' lang='lat' dir='ltr'>SILVESTRI</span> <span class='ocrx_word' id='word_1_112' title='bbox 1463 1281 1580 1337; x_wconf 88' lang='lat' dir='ltr'>Pape</span> <span class='ocrx_word' id='word_1_113' title='bbox 1603 1314 1611 1323; x_wconf 90' lang='lat'>.</span> <span class='ocrx_word' id='word_1_114' title='bbox 1635 1297 1748 1324; x_wconf 87' lang='lat' dir='ltr'>anno</span> <span class='ocrx_word' id='word_1_115' title='bbox 1768 1281 1946 1325; x_wconf 90' lang='lat' dir='ltr'>Domini</span> <span class='ocrx_word' id='word_1_116' title='bbox 1966 1283 2191 1326; x_wconf 88' lang='lat' dir='ltr'>millesimo</span> 
     </span>
     <span class='ocr_line' id='line_1_12' title="bbox 241 1373 777 1416; baseline 0 -2"><span class='ocrx_word' id='word_1_117' title='bbox 241 1379 366 1414; x_wconf 77' lang='lat' dir='ltr'>cccm0·</span> <span class='ocrx_word' id='word_1_118' title='bbox 386 1373 597 1415; x_wconf 88' lang='lat' dir='ltr'>tricesimo</span> <span class='ocrx_word' id='word_1_119' title='bbox 619 1376 777 1416; x_wconf 85' lang='lat' dir='ltr'>octavo.</span> 
     </span>
    </p>

    <p class='ocr_par' dir='ltr' id='par_1_4' title="bbox 300 1461 628 1520">
     <span class='ocr_line' id='line_1_13' title="bbox 300 1461 628 1520; baseline 0 -15"><span class='ocrx_word' id='word_1_120' title='bbox 300 1461 398 1505; x_wconf 79' lang='lat' dir='ltr'>Seal</span> <span class='ocrx_word' id='word_1_121' title='bbox 423 1463 628 1520; x_wconf 81' lang='lat' dir='ltr'>wanting.</span> 
     </span>
    </p>
   </div>
   <div class='ocr_carea' id='block_1_3' title="bbox 299 1552 1187 1596">
    <p class='ocr_par' dir='ltr' id='par_1_5' title="bbox 299 1552 1187 1596">
     <span class='ocr_line' id='line_1_14' title="bbox 299 1552 1187 1596; baseline 0.001 -1"><span class='ocrx_word' id='word_1_122' title='bbox 299 1553 594 1595; x_wconf 86' lang='lat' dir='ltr'>Endorsed—‘</span> <span class='ocrx_word' id='word_1_123' title='bbox 613 1553 746 1596; x_wconf 81' lang='lat' dir='ltr'>Terra</span> <span class='ocrx_word' id='word_1_124' title='bbox 766 1553 812 1595; x_wconf 90' lang='lat' dir='ltr'>in</span> <span class='ocrx_word' id='word_1_125' title='bbox 834 1552 953 1596; x_wconf 77' lang='lat' dir='ltr'>Salso</span> <span class='ocrx_word' id='word_1_126' title='bbox 974 1553 1187 1596; x_wconf 84' lang='lat' dir='ltr'>Marisco.&#39;</span> 
     </span>
    </p>
   </div>
   <div class='ocr_carea' id='block_1_4' title="bbox 1024 1711 1420 1755">
    <p class='ocr_par' dir='ltr' id='par_1_6' title="bbox 1024 1711 1420 1755">
     <span class='ocr_line' id='line_1_15' title="bbox 1024 1711 1420 1755; baseline -0.003 -1"><span class='ocrx_word' id='word_1_127' title='bbox 1024 1711 1420 1755; x_wconf 81' lang='lat' dir='ltr'>DGGOGLXXII.</span> 
     </span>
    </p>
   </div>
   <div class='ocr_carea' id='block_1_5' title="bbox 240 1810 2199 1940">
    <p class='ocr_par' dir='ltr' id='par_1_7' title="bbox 240 1810 2199 1940">
     <span class='ocr_line' id='line_1_16' title="bbox 240 1810 2196 1857; baseline 0.002 -3"><span class='ocrx_word' id='word_1_128' title='bbox 240 1810 494 1854; x_wconf 80' lang='lat' dir='ltr'><strong>REOORD</strong></span> <span class='ocrx_word' id='word_1_129' title='bbox 538 1810 616 1854; x_wconf 89' lang='lat' dir='ltr'>OF</span> <span class='ocrx_word' id='word_1_130' title='bbox 657 1811 702 1853; x_wconf 89' lang='lat' dir='ltr'>A</span> <span class='ocrx_word' id='word_1_131' title='bbox 734 1810 900 1853; x_wconf 82' lang='lat' dir='ltr'>PLEA</span> <span class='ocrx_word' id='word_1_132' title='bbox 930 1810 1250 1855; x_wconf 81' lang='lat' dir='ltr'>BETWEEN</span> <span class='ocrx_word' id='word_1_133' title='bbox 1279 1811 1309 1854; x_wconf 86' lang='lat' dir='ltr'><strong>J</strong></span> <span class='ocrx_word' id='word_1_134' title='bbox 1313 1810 1442 1854; x_wconf 90' lang='lat' dir='ltr'>OAN</span> <span class='ocrx_word' id='word_1_135' title='bbox 1472 1810 1554 1853; x_wconf 84' lang='lat' dir='ltr'>LE</span> <span class='ocrx_word' id='word_1_136' title='bbox 1586 1811 1743 1854; x_wconf 80' lang='lat' dir='ltr'><strong>SOER</strong></span> <span class='ocrx_word' id='word_1_137' title='bbox 1773 1811 1906 1855; x_wconf 88' lang='lat' dir='ltr'>AND</span> <span class='ocrx_word' id='word_1_138' title='bbox 1939 1813 2196 1857; x_wconf 76' lang='lat' dir='ltr'>THOMAS</span> 
     </span>
     <span class='ocr_line' id='line_1_17' title="bbox 389 1893 2199 1940; baseline 0.002 -4"><span class='ocrx_word' id='word_1_139' title='bbox 389 1893 743 1937; x_wconf 85' lang='lat' dir='ltr'><strong>BAUDRUPP</strong></span> <span class='ocrx_word' id='word_1_140' title='bbox 793 1893 1187 1937; x_wconf 74' lang='lat' dir='ltr'>RESPEOTING</span> <span class='ocrx_word' id='word_1_141' title='bbox 1234 1894 1277 1937; x_wconf 95' lang='lat' dir='ltr'>A</span> <span class='ocrx_word' id='word_1_142' title='bbox 1327 1893 1662 1937; x_wconf 72' lang='lat' dir='ltr'>MESSUAGE</span> <span class='ocrx_word' id='word_1_143' title='bbox 1711 1894 1846 1938; x_wconf 91' lang='lat' dir='ltr'>AND</span> <span class='ocrx_word' id='word_1_144' title='bbox 1897 1895 2074 1939; x_wconf 91' lang='lat' dir='ltr'>LAND</span> <span class='ocrx_word' id='word_1_145' title='bbox 2124 1896 2199 1940; x_wconf 90' lang='lat' dir='ltr'>IN</span> 
     </span>
    </p>
   </div>
   <div class='ocr_carea' id='block_1_6' title="bbox 388 1976 1711 2116">
    <p class='ocr_par' dir='ltr' id='par_1_8' title="bbox 388 1976 1711 2116">
     <span class='ocr_line' id='line_1_18' title="bbox 388 1976 717 2020; baseline 0 -1"><span class='ocrx_word' id='word_1_146' title='bbox 388 1976 717 2020; x_wconf 80' lang='lat' dir='ltr'><strong>PENMARK.</strong></span> 
     </span>
     <span class='ocr_line' id='line_1_19' title="bbox 734 2059 1711 2116; baseline 0.001 -15"><span class='ocrx_word' id='word_1_147' title='bbox 734 2059 886 2114; x_wconf 72' lang='lat' dir='ltr'>[Bm.</span> <span class='ocrx_word' id='word_1_148' title='bbox 918 2059 1051 2112; x_wconf 68' lang='lat' dir='ltr'>Mus„</span> <span class='ocrx_word' id='word_1_149' title='bbox 1083 2060 1201 2102; x_wconf 72' lang='lat' dir='ltr'>Am).</span> <span class='ocrx_word' id='word_1_150' title='bbox 1237 2060 1458 2102; x_wconf 77' lang='lat' dir='ltr'>CHARTER</span> <span class='ocrx_word' id='word_1_151' title='bbox 1487 2061 1556 2112; x_wconf 81' lang='lat'>24,</span> <span class='ocrx_word' id='word_1_152' title='bbox 1589 2059 1711 2116; x_wconf 60' lang='lat'><strong>2972]</strong></span> 
     </span>
    </p>
   </div>
   <div class='ocr_carea' id='block_1_7' title="bbox 242 2159 2201 3036">
    <p class='ocr_par' dir='ltr' id='par_1_9' title="bbox 1276 2159 2140 2205">
     <span class='ocr_line' id='line_1_20' title="bbox 1276 2159 2140 2205; baseline 0.003 -3"><span class='ocrx_word' id='word_1_153' title='bbox 1276 2160 1330 2202; x_wconf 84' lang='lat'>12</span> <span class='ocrx_word' id='word_1_154' title='bbox 1361 2159 1548 2202; x_wconf 72' lang='lat' dir='ltr'>MARcH.</span> <span class='ocrx_word' id='word_1_155' title='bbox 1611 2161 1664 2202; x_wconf 85' lang='lat'>13</span> <span class='ocrx_word' id='word_1_156' title='bbox 1695 2159 1825 2203; x_wconf 81' lang='lat' dir='ltr'>Enw.</span> <span class='ocrx_word' id='word_1_157' title='bbox 1859 2160 1950 2204; x_wconf 88' lang='lat' dir='ltr'>III.</span> <span class='ocrx_word' id='word_1_158' title='bbox 2015 2162 2140 2205; x_wconf 85' lang='lat'>1339.</span> 
     </span>
    </p>

    <p class='ocr_par' dir='ltr' id='par_1_10' title="bbox 242 2249 2201 3036">
     <span class='ocr_line' id='line_1_21' title="bbox 301 2249 2200 2308; baseline 0.003 -17"><span class='ocrx_word' id='word_1_159' title='bbox 301 2249 331 2292; x_wconf 87' lang='lat' dir='ltr'><strong>J</strong></span> <span class='ocrx_word' id='word_1_160' title='bbox 333 2263 522 2292; x_wconf 83' lang='lat' dir='ltr'><strong>OHANNA</strong></span> <span class='ocrx_word' id='word_1_161' title='bbox 550 2264 632 2306; x_wconf 85' lang='lat' dir='ltr'>que</span> <span class='ocrx_word' id='word_1_162' title='bbox 657 2249 743 2292; x_wconf 82' lang='lat' dir='ltr'>fuit</span> <span class='ocrx_word' id='word_1_163' title='bbox 770 2265 880 2292; x_wconf 84' lang='lat' dir='ltr'>uxor</span> <span class='ocrx_word' id='word_1_164' title='bbox 912 2250 1119 2293; x_wconf 78' lang='lat' dir='ltr'><strong>ROBERTI</strong></span> <span class='ocrx_word' id='word_1_165' title='bbox 1151 2251 1192 2293; x_wconf 91' lang='lat' dir='ltr'>le</span> <span class='ocrx_word' id='word_1_166' title='bbox 1224 2250 1344 2294; x_wconf 79' lang='lat' dir='ltr'>SOER</span> <span class='ocrx_word' id='word_1_167' title='bbox 1373 2251 1631 2294; x_wconf 84' lang='lat' dir='ltr'>summonita</span> <span class='ocrx_word' id='word_1_168' title='bbox 1661 2251 1745 2294; x_wconf 73' lang='lat' dir='ltr'>fuit</span> <span class='ocrx_word' id='word_1_169' title='bbox 1775 2253 1830 2294; x_wconf 88' lang='lat' dir='ltr'>ad</span> <span class='ocrx_word' id='word_1_170' title='bbox 1856 2254 2200 2308; x_wconf 89' lang='lat' dir='ltr'>respondendum</span> 
     </span>
     <span class='ocr_line' id='line_1_22' title="bbox 245 2340 2199 2399; baseline 0.002 -16"><span class='ocrx_word' id='word_1_171' title='bbox 245 2340 412 2384; x_wconf 82' lang='lat' dir='ltr'><strong>THOME</strong></span> <span class='ocrx_word' id='word_1_172' title='bbox 443 2340 712 2383; x_wconf 79' lang='lat' dir='ltr'>BAUDRUPP&#39;</span> <span class='ocrx_word' id='word_1_173' title='bbox 735 2342 787 2384; x_wconf 90' lang='lat' dir='ltr'>de</span> <span class='ocrx_word' id='word_1_174' title='bbox 819 2342 975 2398; x_wconf 81' lang='lat' dir='ltr'>placito</span> <span class='ocrx_word' id='word_1_175' title='bbox 997 2343 1111 2398; x_wconf 87' lang='lat' dir='ltr'>quod</span> <span class='ocrx_word' id='word_1_176' title='bbox 1141 2343 1293 2385; x_wconf 87' lang='lat' dir='ltr'>reddat</span> <span class='ocrx_word' id='word_1_177' title='bbox 1314 2342 1353 2384; x_wconf 88' lang='lat' dir='ltr'>ei</span> <span class='ocrx_word' id='word_1_178' title='bbox 1373 2357 1510 2384; x_wconf 88' lang='lat' dir='ltr'>unum</span> <span class='ocrx_word' id='word_1_179' title='bbox 1530 2343 1819 2399; x_wconf 84' lang='lat' dir='ltr'>messuagium</span> <span class='ocrx_word' id='word_1_180' title='bbox 1849 2344 1955 2385; x_wconf 84' lang='lat' dir='ltr'>duas</span> <span class='ocrx_word' id='word_1_181' title='bbox 1984 2347 2199 2388; x_wconf 81' lang='lat' dir='ltr'>carucatas</span> 
     </span>
     <span class='ocr_line' id='line_1_23' title="bbox 245 2433 2200 2490; baseline 0.003 -16"><span class='ocrx_word' id='word_1_182' title='bbox 245 2434 355 2475; x_wconf 86' lang='lat' dir='ltr'>terre</span> <span class='ocrx_word' id='word_1_183' title='bbox 386 2434 479 2474; x_wconf 92' lang='lat' dir='ltr'>octo</span> <span class='ocrx_word' id='word_1_184' title='bbox 505 2447 621 2475; x_wconf 81' lang='lat' dir='ltr'>acras</span> <span class='ocrx_word' id='word_1_185' title='bbox 648 2433 761 2488; x_wconf 85' lang='lat' dir='ltr'>prati</span> <span class='ocrx_word' id='word_1_186' title='bbox 789 2435 832 2475; x_wconf 92' lang='lat' dir='ltr'>et</span> <span class='ocrx_word' id='word_1_187' title='bbox 865 2436 1037 2476; x_wconf 87' lang='lat' dir='ltr'>centum</span> <span class='ocrx_word' id='word_1_188' title='bbox 1066 2434 1221 2477; x_wconf 89' lang='lat' dir='ltr'>solidos</span> <span class='ocrx_word' id='word_1_189' title='bbox 1250 2434 1444 2477; x_wconf 87' lang='lat' dir='ltr'>redditus</span> <span class='ocrx_word' id='word_1_190' title='bbox 1468 2450 1565 2476; x_wconf 90' lang='lat' dir='ltr'>cum</span> <span class='ocrx_word' id='word_1_191' title='bbox 1589 2435 1859 2490; x_wconf 82' lang='lat' dir='ltr'>pertinentiis</span> <span class='ocrx_word' id='word_1_192' title='bbox 1888 2435 1934 2477; x_wconf 91' lang='lat' dir='ltr'>in</span> <span class='ocrx_word' id='word_1_193' title='bbox 1965 2435 2200 2479; x_wconf 73' lang='lat' dir='ltr'><strong>PENMARK</strong></span> 
     </span>
     <span class='ocr_line' id='line_1_24' title="bbox 244 2523 2201 2580; baseline 0.003 -15"><span class='ocrx_word' id='word_1_194' title='bbox 244 2538 326 2579; x_wconf 90' lang='lat' dir='ltr'>que</span> <span class='ocrx_word' id='word_1_195' title='bbox 351 2524 506 2566; x_wconf 83' lang='lat' dir='ltr'>clamat</span> <span class='ocrx_word' id='word_1_196' title='bbox 531 2538 619 2566; x_wconf 84' lang='lat' dir='ltr'>esse</span> <span class='ocrx_word' id='word_1_197' title='bbox 649 2523 721 2580; x_wconf 85' lang='lat' dir='ltr'>jus</span> <span class='ocrx_word' id='word_1_198' title='bbox 749 2539 875 2566; x_wconf 88' lang='lat' dir='ltr'>suum</span> <span class='ocrx_word' id='word_1_199' title='bbox 904 2527 945 2566; x_wconf 83' lang='lat' dir='ltr'>et</span> <span class='ocrx_word' id='word_1_200' title='bbox 971 2526 1086 2567; x_wconf 88' lang='lat' dir='ltr'>unde</span> <span class='ocrx_word' id='word_1_201' title='bbox 1107 2525 1222 2568; x_wconf 86' lang='lat' dir='ltr'>idem</span> <span class='ocrx_word' id='word_1_202' title='bbox 1243 2525 1433 2568; x_wconf 78' lang='lat' dir='ltr'>THOMAS</span> <span class='ocrx_word' id='word_1_203' title='bbox 1453 2525 1620 2568; x_wconf 84' lang='lat' dir='ltr'>seisitus</span> <span class='ocrx_word' id='word_1_204' title='bbox 1639 2525 1725 2568; x_wconf 76' lang='lat' dir='ltr'>fuit</span> <span class='ocrx_word' id='word_1_205' title='bbox 1745 2526 1792 2568; x_wconf 92' lang='lat' dir='ltr'>in</span> <span class='ocrx_word' id='word_1_206' title='bbox 1812 2526 2024 2569; x_wconf 88' lang='lat' dir='ltr'>dominico</span> <span class='ocrx_word' id='word_1_207' title='bbox 2046 2542 2120 2570; x_wconf 91' lang='lat' dir='ltr'>suo</span> <span class='ocrx_word' id='word_1_208' title='bbox 2151 2530 2201 2570; x_wconf 92' lang='lat' dir='ltr'>ut</span> 
     </span>
     <span class='ocr_line' id='line_1_25' title="bbox 242 2613 2201 2674; baseline 0.002 -18"><span class='ocrx_word' id='word_1_209' title='bbox 242 2615 295 2657; x_wconf 93' lang='lat' dir='ltr'>de</span> <span class='ocrx_word' id='word_1_210' title='bbox 315 2613 440 2656; x_wconf 79' lang='lat' dir='ltr'>feodo</span> <span class='ocrx_word' id='word_1_211' title='bbox 461 2616 503 2656; x_wconf 82' lang='lat' dir='ltr'>et</span> <span class='ocrx_word' id='word_1_212' title='bbox 523 2613 620 2670; x_wconf 83' lang='lat' dir='ltr'>jure</span> <span class='ocrx_word' id='word_1_213' title='bbox 648 2617 839 2671; x_wconf 88' lang='lat' dir='ltr'>tempore</span> <span class='ocrx_word' id='word_1_214' title='bbox 867 2616 982 2671; x_wconf 86' lang='lat' dir='ltr'>pacis</span> <span class='ocrx_word' id='word_1_215' title='bbox 1012 2616 1147 2673; x_wconf 81' lang='lat' dir='ltr'>Regis</span> <span class='ocrx_word' id='word_1_216' title='bbox 1174 2632 1289 2659; x_wconf 89' lang='lat' dir='ltr'>nunc</span> <span class='ocrx_word' id='word_1_217' title='bbox 1321 2620 1413 2669; x_wconf 69' lang='lat' dir='ltr'>etc„</span> <span class='ocrx_word' id='word_1_218' title='bbox 1435 2619 1625 2672; x_wconf 87' lang='lat' dir='ltr'>tempore</span> <span class='ocrx_word' id='word_1_219' title='bbox 1655 2616 1858 2672; x_wconf 84' lang='lat' dir='ltr'>capiendo</span> <span class='ocrx_word' id='word_1_220' title='bbox 1879 2617 1980 2660; x_wconf 88' lang='lat' dir='ltr'>inde</span> <span class='ocrx_word' id='word_1_221' title='bbox 2012 2618 2201 2674; x_wconf 80' lang='lat' dir='ltr'>explecia</span> 
     </span>
     <span class='ocr_line' id='line_1_26' title="bbox 242 2705 2200 2764; baseline 0.003 -17"><span class='ocrx_word' id='word_1_222' title='bbox 242 2708 321 2747; x_wconf 89' lang='lat' dir='ltr'>etc.</span> <span class='ocrx_word' id='word_1_223' title='bbox 381 2705 444 2747; x_wconf 90' lang='lat' dir='ltr'>Et</span> <span class='ocrx_word' id='word_1_224' title='bbox 473 2705 519 2747; x_wconf 89' lang='grc'>111</span> <span class='ocrx_word' id='word_1_225' title='bbox 548 2721 630 2761; x_wconf 89' lang='lat' dir='ltr'>que</span> <span class='ocrx_word' id='word_1_226' title='bbox 661 2706 809 2749; x_wconf 84' lang='lat' dir='ltr'>eadem</span> <span class='ocrx_word' id='word_1_227' title='bbox 843 2706 873 2749; x_wconf 88' lang='lat' dir='ltr'><strong>J</strong></span> <span class='ocrx_word' id='word_1_228' title='bbox 875 2721 1065 2749; x_wconf 78' lang='grc' dir='ltr'><strong>οΗΑΝΝΑ</strong></span> <span class='ocrx_word' id='word_1_229' title='bbox 1095 2723 1182 2750; x_wconf 89' lang='lat' dir='ltr'>non</span> <span class='ocrx_word' id='word_1_230' title='bbox 1214 2707 1343 2751; x_wconf 86' lang='lat' dir='ltr'>habet</span> <span class='ocrx_word' id='word_1_231' title='bbox 1373 2707 1612 2764; x_wconf 85' lang='lat' dir='ltr'>ingressum</span> <span class='ocrx_word' id='word_1_232' title='bbox 1652 2707 1735 2750; x_wconf 87' lang='lat' dir='ltr'>nisi</span> <span class='ocrx_word' id='word_1_233' title='bbox 1775 2710 1870 2764; x_wconf 86' lang='lat' dir='ltr'>post</span> <span class='ocrx_word' id='word_1_234' title='bbox 1910 2708 2200 2752; x_wconf 85' lang='lat' dir='ltr'>dimissionem</span> 
     </span>
     <span class='ocr_line' id='line_1_27' title="bbox 242 2796 2201 2854; baseline 0.002 -16"><span class='ocrx_word' id='word_1_235' title='bbox 242 2811 371 2852; x_wconf 90' lang='lat' dir='ltr'>quam</span> <span class='ocrx_word' id='word_1_236' title='bbox 401 2796 431 2839; x_wconf 84' lang='lat' dir='ltr'><strong>J</strong></span> <span class='ocrx_word' id='word_1_237' title='bbox 433 2810 623 2838; x_wconf 78' lang='lat' dir='ltr'>OHANNA</span> <span class='ocrx_word' id='word_1_238' title='bbox 654 2796 743 2839; x_wconf 89' lang='lat' dir='ltr'>filia</span> <span class='ocrx_word' id='word_1_239' title='bbox 773 2796 942 2840; x_wconf 79' lang='grc' dir='ltr'><strong>ΤΗΟΜΑ</strong></span> <span class='ocrx_word' id='word_1_240' title='bbox 964 2798 1095 2840; x_wconf 79' lang='lat' dir='ltr'>ODYN</span> <span class='ocrx_word' id='word_1_241' title='bbox 1118 2799 1186 2841; x_wconf 83' lang='lat' dir='ltr'>cui</span> <span class='ocrx_word' id='word_1_242' title='bbox 1215 2798 1431 2854; x_wconf 84' lang='lat' dir='ltr'>predictus</span> <span class='ocrx_word' id='word_1_243' title='bbox 1462 2798 1652 2841; x_wconf 82' lang='lat' dir='ltr'><strong>THOMAS</strong></span> <span class='ocrx_word' id='word_1_244' title='bbox 1683 2799 1758 2841; x_wconf 86' lang='lat' dir='ltr'>illa</span> <span class='ocrx_word' id='word_1_245' title='bbox 1788 2799 1951 2842; x_wconf 86' lang='lat' dir='ltr'>dimisit</span> <span class='ocrx_word' id='word_1_246' title='bbox 1981 2801 2036 2842; x_wconf 81' lang='lat' dir='ltr'>ad</span> <span class='ocrx_word' id='word_1_247' title='bbox 2066 2800 2201 2843; x_wconf 87' lang='lat' dir='ltr'>vitam</span> 
     </span>
     <span class='ocr_line' id='line_1_28' title="bbox 242 2886 2200 2947; baseline 0.003 -18"><span class='ocrx_word' id='word_1_248' title='bbox 242 2887 375 2943; x_wconf 87' lang='lat' dir='ltr'>ipsius</span> <span class='ocrx_word' id='word_1_249' title='bbox 404 2886 434 2929; x_wconf 86' lang='lat' dir='ltr'>J</span> <span class='ocrx_word' id='word_1_250' title='bbox 437 2901 625 2929; x_wconf 76' lang='lat' dir='ltr'>oHANNE</span> <span class='ocrx_word' id='word_1_251' title='bbox 657 2887 743 2930; x_wconf 87' lang='lat' dir='ltr'>filie</span> <span class='ocrx_word' id='word_1_252' title='bbox 775 2887 942 2930; x_wconf 80' lang='grc' dir='ltr'><strong>ΤΗΟΜΕ</strong></span> <span class='ocrx_word' id='word_1_253' title='bbox 974 2888 1104 2931; x_wconf 78' lang='lat' dir='ltr'><strong>ODYN</strong></span> <span class='ocrx_word' id='word_1_254' title='bbox 1136 2889 1237 2932; x_wconf 84' lang='lat' dir='ltr'>inde</span> <span class='ocrx_word' id='word_1_255' title='bbox 1267 2889 1369 2932; x_wconf 79' lang='lat' dir='ltr'>fecit</span> <span class='ocrx_word' id='word_1_256' title='bbox 1401 2889 1570 2932; x_wconf 74' lang='lat' dir='ltr'>Smom</span> <span class='ocrx_word' id='word_1_257' title='bbox 1607 2889 1659 2931; x_wconf 90' lang='lat' dir='ltr'>de</span> <span class='ocrx_word' id='word_1_258' title='bbox 1691 2888 1889 2931; x_wconf 79' lang='lat' dir='ltr'><strong>RALEGH</strong></span> <span class='ocrx_word' id='word_1_259' title='bbox 1921 2892 1964 2932; x_wconf 88' lang='lat' dir='ltr'>et</span> <span class='ocrx_word' id='word_1_260' title='bbox 1993 2905 2075 2946; x_wconf 92' lang='lat' dir='ltr'>que</span> <span class='ocrx_word' id='word_1_261' title='bbox 2104 2895 2200 2947; x_wconf 87' lang='lat' dir='ltr'>post</span> 
     </span>
     <span class='ocr_line' id='line_1_29' title="bbox 243 2977 2200 3036; baseline 0.002 -15"><span class='ocrx_word' id='word_1_262' title='bbox 243 2977 533 3021; x_wconf 86' lang='lat' dir='ltr'>dimissionem</span> <span class='ocrx_word' id='word_1_263' title='bbox 548 2993 623 3034; x_wconf 89' lang='lat' dir='ltr'>per</span> <span class='ocrx_word' id='word_1_264' title='bbox 638 2978 777 3034; x_wconf 88' lang='lat' dir='ltr'>ipsam</span> <span class='ocrx_word' id='word_1_265' title='bbox 793 2978 823 3022; x_wconf 88' lang='lat' dir='ltr'><strong>J</strong></span> <span class='ocrx_word' id='word_1_266' title='bbox 825 2993 1050 3022; x_wconf 78' lang='lat' dir='ltr'>OHANNAM</span> <span class='ocrx_word' id='word_1_267' title='bbox 1068 2980 1202 3023; x_wconf 85' lang='lat' dir='ltr'>filiam</span> <span class='ocrx_word' id='word_1_268' title='bbox 1219 2980 1387 3023; x_wconf 80' lang='lat' dir='ltr'><strong>THOME</strong></span> <span class='ocrx_word' id='word_1_269' title='bbox 1405 2979 1536 3022; x_wconf 81' lang='lat' dir='ltr'><strong>ODYN</strong></span> <span class='ocrx_word' id='word_1_270' title='bbox 1552 2979 1719 3036; x_wconf 76' lang='lat' dir='ltr'>prefato</span> <span class='ocrx_word' id='word_1_271' title='bbox 1735 2979 1902 3022; x_wconf 78' lang='lat' dir='ltr'>Smom</span> <span class='ocrx_word' id='word_1_272' title='bbox 1918 2981 2021 3023; x_wconf 88' lang='lat' dir='ltr'>inde</span> <span class='ocrx_word' id='word_1_273' title='bbox 2040 2981 2200 3025; x_wconf 81' lang='lat' dir='ltr'>factam</span> 
     </span>
    </p>
   </div>
   <div class='ocr_carea' id='block_1_8' title="bbox 244 3068 2201 3128">
    <p class='ocr_par' dir='ltr' id='par_1_11' title="bbox 244 3068 2201 3128">
     <span class='ocr_line' id='line_1_30' title="bbox 244 3068 2201 3128; baseline 0.003 -18"><span class='ocrx_word' id='word_1_274' title='bbox 244 3068 291 3111; x_wconf 90' lang='lat' dir='ltr'>in</span> <span class='ocrx_word' id='word_1_275' title='bbox 324 3069 448 3111; x_wconf 84' lang='lat' dir='ltr'>feodo</span> <span class='ocrx_word' id='word_1_276' title='bbox 482 3069 537 3110; x_wconf 80' lang='lat' dir='ltr'>ad</span> <span class='ocrx_word' id='word_1_277' title='bbox 567 3068 807 3125; x_wconf 76' lang='lat' dir='ltr'>predictum</span> <span class='ocrx_word' id='word_1_278' title='bbox 839 3069 1043 3113; x_wconf 74' lang='lat' dir='ltr'>THOMAM</span> <span class='ocrx_word' id='word_1_279' title='bbox 1077 3071 1331 3114; x_wconf 79' lang='lat' dir='ltr'>BAUDRUPP</span> <span class='ocrx_word' id='word_1_280' title='bbox 1362 3071 1517 3114; x_wconf 83' lang='lat' dir='ltr'>reverti</span> <span class='ocrx_word' id='word_1_281' title='bbox 1546 3070 1705 3114; x_wconf 85' lang='lat' dir='ltr'>debent</span> <span class='ocrx_word' id='word_1_282' title='bbox 1734 3086 1809 3128; x_wconf 88' lang='lat' dir='ltr'>per</span> <span class='ocrx_word' id='word_1_283' title='bbox 1838 3070 2021 3115; x_wconf 77' lang='lat' dir='ltr'>formam</span> <span class='ocrx_word' id='word_1_284' title='bbox 2050 3072 2201 3116; x_wconf 75' lang='lat' dir='ltr'>statuti</span> 
     </span>
    </p>
   </div>
  </div>
 </body>
</html>
