2386 3645
1927 298 2038 339 1573

1030 516 1218 560 MCLX.

147 633 449 678 GHARTER
490 634 568 677 OF
618 633 849 676 HENRY
897 632 980 677 VI.
1033 633 1109 676 ΤΟ
1160 632 1439 676 MARGAM
1499 634 1729 687 ABBEY,
1795 635 2096 678 REOITING

293 725 401 767 HIS
432 724 713 768 LETTERS
767 722 1017 766 PATENT
1068 723 1400 766 GRANTING
1451 724 1527 767 ΤΟ
1574 724 1705 766 THE
1751 725 1917 768 SAME
1963 725 2093 768 THE

291 814 717 858 RESTITUTION
789 813 867 856 OF
940 813 1164 866 LANDs,
1231 814 1377 867 ETO.,
1438 814 1516 857 OF
1575 813 2085 868 EGLISKEYNWIR,

290 906 606 950 BETWEEN
645 904 1003 948 UKGEMORE
1044 904 1179 947 AND
1218 904 1463 957 GARWE,
1502 904 1574 948 IN
1620 905 1750 947 THE
1795 905 2095 948 DEMESNE

290 997 368 1040 OF
399 996 699 1040 OGEMORE
746 995 1165 1052 (ORIGINALLY
1206 995 1507 1039 GRANTED
1552 996 1639 1039 BY
1679 996 1970 1040 WILLIAM
2009 997 2095 1040 DE

291 1088 638 1131 LONDONIIS
698 1087 822 1130 FOR
872 1086 1083 1129 FORTY
1132 1086 1472 1130 SHILLINGS
1524 1087 1731 1142 RENT),
1782 1089 1838 1129 28
1887 1087 2094 1139 APRIL,

294 1181 347 1222 18
388 1179 619 1222 HENRY
660 1178 758 1230 VI„
803 1180 928 1229 1440,
970 1177 1105 1220 AND
1146 1177 1551 1220 CONFIRMING
1592 1178 1721 1220 THE
1763 1177 1944 1221 SAME.

862 1285 1094 1342 [MARGAM
1127 1284 1383 1341 CHARTER.]

1281 1393 1333 1434 15
1355 1391 1477 1434 ΜΑΥ.
1542 1393 1594 1434 19
1618 1392 1742 1435 HEN.
1765 1391 1847 1435 VI.
1911 1393 2034 1434 1441.

201 1500 445 1544 Hmmcns
466 1501 524 1544 D.
546 1517 588 1558 g.
618 1501 714 1544 Rex
741 1502 926 1543 ANGLIE
953 1504 996 1543 et
1026 1500 1232 1543 FRANcm
1265 1503 1309 1542 et
1341 1500 1539 1542 dominus
1568 1499 1809 1542 Hmmmm
1842 1533 1851 1542 .
1885 1498 2094 1541 Omnibus

141 1592 198 1633 ad
213 1607 317 1647 quos
338 1607 378 1648 p.
401 1593 427 1634 l.
452 1592 724 1648 pervenerint
745 1592 939 1634 salutem.

201 1681 354 1725 Sciatis
375 1684 488 1739 quod
509 1699 606 1725 cum
626 1698 703 1725 nos
723 1684 930 1739 quasdam
952 1683 1114 1725 litteras
1130 1689 1294 1724 nostras
1309 1685 1503 1738 patentes
1518 1682 1683 1723 dilectis
1698 1680 1820 1723 nobis
1834 1681 1880 1722 in
1898 1680 2093 1723 CHRISTO

140 1772 286 1815 abbati
325 1777 368 1816 et
398 1774 625 1816 conventui
660 1773 829 1817 abbatie
862 1774 914 1816 B.
953 1774 1014 1816 M.
1052 1775 1104 1816 de
1129 1773 1331 1815 Monam
1368 1773 1414 1814 in
1455 1771 1815 1814 SOOUTHWALLIA
1846 1771 1924 1813 sub
1952 1771 2093 1825 sigillo

141 1863 320 1906 ducatus
339 1865 474 1907 nostri
493 1864 778 1907 LANCASTRIE
800 1865 892 1907 fieri
912 1865 1091 1907 fecimus
1110 1864 1156 1906 in
1177 1864 1254 1906 heo
1276 1863 1404 1906 verba
1421 1878 1490 1905 :—

283 1955 525 1998 HENRICUS
546 1956 602 1998 D.
626 1971 666 2012 g.
692 1956 788 1999 Rex
809 1957 994 1999 ANGLOE
1020 1956 1114 2011 (etc.
1138 1961 1186 1997 ut
1208 1955 1368 2010 supra).
1446 1953 1656 1996 Omnibus
1677 1954 1732 1995 ad
1752 1968 1856 2008 quos
1876 1956 2092 2008 presentes

226 2046 369 2089 littere
389 2047 660 2103 pervenerint
681 2047 863 2090 salutem
880 2063 950 2089 :—

285 2137 437 2180 Sciatis
457 2139 571 2194 quod
591 2153 669 2180 nos
689 2153 764 2194 per
785 2139 1001 2193 quandam
1022 2137 1376 2193 supplicacionem
1396 2151 1471 2192 per
1491 2136 1665 2178 dilectos
1685 2135 1807 2177 nobis
1827 2136 1873 2177 in
1895 2134 2091 2176 CHRISTO

227 2228 425 2271 abbatem
445 2232 488 2271 et
508 2233 765 2272 conventum
787 2229 957 2272 abbatie
977 2229 1030 2272 B.
1054 2228 1116 2271 M.
1140 2230 1193 2271 de
1213 2228 1416 2270 MORGAN
1437 2227 1484 2269 in
1506 2226 1548 2269 S.
1573 2227 1645 2270 W.
1669 2226 1791 2269 nobis
1806 2228 2091 2282 presentatam

224 2319 515 2362 intelleximus
535 2320 718 2375 qualiter
737 2320 819 2376 ipsi
839 2335 913 2375 per
933 2320 1122 2375 quinque
1143 2334 1276 2361 annos
1296 2321 1339 2361 et
1358 2319 1473 2361 ultra
1487 2318 1584 2373 jure
1604 2320 1838 2360 transactos
1852 2316 1898 2359 in
1914 2317 2089 2359 diversis

223 2410 372 2452 multis
391 2410 494 2452 locis
513 2413 556 2452 et
575 2409 838 2465 temporibus
857 2425 932 2466 per
953 2410 1284 2466 supplicaciones
1305 2408 1505 2450 continue
1525 2423 1654 2463 penes
1674 2422 1750 2449 nos
1765 2409 1865 2451 sunt
1879 2406 2088 2462 prosecuti

223 2501 280 2543 ad
298 2501 610 2543 restituendum
630 2500 690 2542 eis
710 2501 854 2543 omnia
873 2505 1007 2542 terras
1026 2502 1272 2542 tenementa
1291 2499 1587 2541 molendinum
1609 2512 1741 2553 aquas
1756 2500 1879 2552 prata
1894 2499 2086 2552 pasturas

223 2606 397 2634 nemora
436 2591 629 2633 redditus
668 2592 925 2634 reversiones
965 2594 1008 2633 et
1047 2591 1225 2633 servicia
1274 2605 1350 2632 sua
1394 2590 1508 2632 inter
1552 2604 1682 2644 aquas
1727 2589 1779 2630 de
1821 2587 2085 2630 UKGEMORE

223 2687 268 2724 at
289 2682 464 2725 GARWE
485 2682 712 2725 existentia
732 2685 880 2724 vocata
901 2681 1265 2724 EGLISKEYNWIR
1284 2681 1330 2723 in
1352 2681 1524 2723 domino
1545 2683 1689 2722 nostro
1709 2680 1762 2721 de
1783 2678 2005 2721 OGEMORE
2037 2679 2084 2719 in

224 2773 266 2816 S.
291 2773 363 2817 W.
386 2789 483 2816 cum
504 2773 590 2816 suis
610 2773 881 2828 pertinenciis
904 2806 912 2814 .
936 2788 1018 2829 que
1039 2773 1211 2828 quidem
1232 2777 1342 2815 terre
1368 2772 1461 2825 (etc.
1484 2774 1535 2813 ut
1554 2785 1681 2827 supra
1701 2802 1845 2812 .....
1871 2770 1885 2823 )
1911 2768 2085 2810 servicia

221 2879 298 2921 per
316 2868 487 2920 tempus
506 2879 593 2906 non
613 2864 828 2906 modicum
848 2866 1111 2906 transactum
1132 2864 1233 2905 data
1252 2862 1430 2905 fuerunt
1450 2864 1493 2903 et
1514 2875 1705 2903 concessa
1720 2860 1814 2902 Deo
1830 2859 2082 2913 ecclesieque

220 2956 408 3011 predicte
427 2969 475 2996 ao
503 2954 721 2996 monachis
739 2954 767 2996 i.
800 2954 856 2996 D.
887 2969 917 2996 s.
953 2954 999 2996 in
1030 2953 1146 2996 feodi
1181 2954 1349 2995 firmam
1379 2954 1422 2994 et
1453 2953 1703 3007 perpetuam
1728 2948 2000 2991 elemosinam
2027 2948 2082 2989 ad

221 3050 389 3101 tempus
437 3044 707 3087 fundacionis
755 3044 948 3101 ejusdem
997 3059 1072 3100 per
1120 3045 1335 3100 quendam
1383 3042 1684 3093 WILLELMUM
1735 3038 1939 3081 LounON’
1978 3041 2082 3080 tunc
