2386 3645
1900 292 2010 335 1277

121 490 424 546 sterlingorum
444 505 518 545 pre
538 488 749 531 manibus.
811 489 868 532 In
890 489 1013 546 cujus
1033 491 1095 532 rei
1116 491 1407 534 testimonium
1427 493 1526 535 huic
1554 496 1738 549 presenti
1772 497 2067 551 quieteclama-

121 581 233 623 cioni
272 580 464 637 sigillum
502 594 647 622 meum
688 580 877 635 apposui.
968 580 1072 623 Hiis
1111 581 1290 623 testibus
1326 615 1335 624 .
1369 583 1540 625 domino
1573 583 1787 627 HENRICO
1826 586 1977 629 abbate
2016 589 2071 630 de

115 671 325 713 MARGAM
366 705 374 713 .
418 671 591 713 domino
632 669 801 712 ΤΗΟΜΑ
841 674 1001 713 rectore
1041 673 1094 713 de
1135 672 1302 715 Avmm
1340 707 1348 715 .
1385 673 1414 715 J
1417 688 1604 716 OHANNE
1645 675 1800 718 LovEL
1842 678 2067 721 senescallo

115 776 211 804 meo
234 795 242 804 .
266 761 386 803 REso
407 760 538 803 LEYA
572 794 581 802 .
609 760 870 804 WILLELMO
898 777 952 818 ap
981 761 1137 805 ENEAs
1160 797 1168 805 .
1192 762 1381 805 MADoco
1408 763 1565 806 LLOYD
1589 798 1597 806 .
1621 765 1651 808 J
1655 780 1803 808 EvANo
1826 782 1878 822 ap
1912 767 2067 809 DAvm

115 852 224 894 vach
245 885 254 894 .
278 855 321 894 et
339 852 487 893 multis
507 851 615 893 aliis.

173 942 339 984 Datum
359 943 475 997 apud
495 942 663 984 AVENE
685 942 754 983 die
778 942 900 984 Lune
922 943 1115 998 proximo
1136 948 1230 999 post
1257 943 1416 986 festum
1450 944 1595 987 Sancti
1626 946 1780 988 MARCI
1809 948 2067 1003 evangeliste

113 1047 227 1076 anno
246 1032 371 1088 regni
393 1031 526 1088 Regis
547 1032 772 1074 EDWARDI
794 1033 914 1075 tercii
935 1037 1030 1088 post
1051 1037 1329 1089 conquestum
1349 1035 1545 1078 vicesimo
1567 1039 1729 1091 quarto.

172 1123 264 1166 The
287 1123 373 1165 seal
393 1123 428 1165 is
449 1123 544 1165 lost.

1036 1333 1153 1376 ΜΠ.

112 1439 328 1483 GRANT
359 1441 447 1483 BY
482 1441 741 1484 THOMAS
789 1442 874 1485 DE
921 1442 1154 1493 AVENE,
1201 1441 1318 1485 SON
1366 1442 1444 1485 OF
1487 1443 1656 1485 JOHN
1701 1443 1787 1486 DE
1832 1444 2067 1497 AVENE,

255 1532 391 1575 AND
452 1532 621 1576 LORD
683 1533 761 1576 OF
820 1533 1053 1586 AVENE,
1116 1534 1192 1576 TO
1244 1533 1541 1576 JERUARD
1594 1534 1676 1576 ΑΡ
1726 1534 1934 1578 JEVAN
1984 1535 2065 1577 ΑΡ

262 1623 523 1676 HEYLIN,
567 1625 645 1666 OF
685 1624 861 1667 LAND
904 1625 977 1667 IN
1018 1625 1149 1668 THE
1191 1625 1493 1668 DEMESNE
1532 1626 1609 1667 oF
1650 1625 1881 1669 AVENE.

694 1733 867 1790 [HARL.
903 1733 1136 1785 CHARTER,
1169 1735 1222 1775 75
1255 1734 1307 1775 B.
1342 1735 1366 1774 5
1399 1733 1483 1790 Α.]

1236 1843 1260 1883 2
1291 1841 1413 1884 MAY.
1476 1843 1533 1883 24
1567 1841 1691 1883 EDW³
1725 1841 1816 1884 III.
1881 1842 2005 1883 1350.

170 1948 316 1992 Sciant
338 1953 552 2005 presentes
574 1953 615 1992 et
636 1950 775 1992 futuri
797 1951 911 2005 quod
932 1965 1010 2006 ego
1034 1950 1223 1992 THOMAs
1245 1951 1296 1991 de
1318 1949 1484 1991 AVENE
1507 1950 1619 1991 filius
1641 1949 1803 1991 domini
1835 1949 2066 1992 JOHANNIS

110 2040 163 2082 de
184 2040 351 2082 Avmm
374 2041 571 2083 dominus
592 2042 644 2084 de
665 2041 833 2083 Avssxss
856 2042 954 2083 dedi
976 2042 1157 2084 concessi
1179 2046 1219 2084 et
1242 2042 1319 2082 hac
1339 2041 1525 2096 presenti
1551 2044 1665 2082 carta
1695 2056 1789 2082 mea
1820 2040 2064 2083 confirmavi

110 2130 140 2174 J
143 2131 340 2174 ERUARD’
364 2148 418 2188 ap
440 2132 469 2175 J
473 2147 594 2174 EVAN
617 2149 670 2188 ap
693 2133 884 2175 HEYLIN
908 2134 1050 2175 omnia
1071 2136 1317 2174 tenementa
1337 2147 1384 2174 ac
1406 2147 1550 2173 omnes
1571 2139 1704 2173 terras
1725 2136 1766 2173 et
1784 2132 1925 2173 omnia
1941 2135 2064 2187 prata

109 2238 191 2279 que
213 2223 243 2266 J
247 2238 429 2266 ERUARD
461 2223 589 2266 TRUT
620 2240 673 2280 ap
696 2225 927 2267 WAstR
949 2240 1002 2280 ap
1028 2224 1189 2267 GRIFF’
1223 2223 1460 2280 [quondam
1481 2222 1652 2278 habuit]
1681 2226 1730 2264 ut
1750 2222 1891 2278 majus
1911 2223 2062 2264 melius

110 2317 154 2356 et
174 2315 343 2370 plenius
363 2315 508 2370 jacent
528 2330 604 2370 per
624 2315 822 2371 antiquas
843 2319 977 2357 metas
999 2321 1041 2356 et
1060 2315 1228 2357 bundas
1249 2330 1344 2356 suas
1365 2314 1530 2369 integre
1554 2317 1594 2355 et
1616 2313 1772 2368 ubique
1803 2314 1848 2354 in
1874 2313 2061 2355 dominio

107 2420 202 2448 meo
221 2407 272 2448 de
290 2406 470 2448 AVENE,.
528 2406 795 2449 Habendum
812 2410 854 2449 et
868 2408 1103 2449 tenendum
1117 2406 1259 2447 omnia
1276 2410 1518 2447 tenementa
1532 2410 1664 2446 terras
1681 2409 1722 2446 et
1735 2407 1856 2460 prata
1871 2404 2060 2460 predicta

106 2512 204 2539 cum
235 2498 433 2539 omnibus
466 2498 737 2553 pertinentiis
769 2499 855 2540 suis
877 2499 930 2539 de
950 2514 1018 2539 me
1047 2501 1088 2540 et
1113 2497 1339 2539 heredibus
1367 2497 1472 2539 meis
1505 2497 1592 2538 sive
1623 2495 1848 2551 assignatis
1870 2495 2059 2550 predicto

105 2587 136 2631 J
138 2588 338 2630 ERUARD'
361 2592 403 2631 et
422 2589 650 2631 heredibus
670 2590 776 2632 meis
797 2591 883 2631 sive
905 2589 1133 2645 assignatis
1149 2623 1156 2630 .
1172 2588 1301 2630 libere
1317 2622 1324 2629 .
1343 2588 1507 2643 quiete.
1526 2587 1633 2629 bene
1647 2587 1812 2642 integre
1829 2591 1871 2628 et
1893 2586 1937 2627 in
1952 2600 2053 2641 pace

106 2678 204 2735 jure
225 2678 482 2722 hereditario
504 2681 816 2736 inperpetuum.
872 2680 967 2722 Red
975 2679 1046 2736 [d]
1054 2681 1162 2722 endo
1179 2680 1277 2721 inde
1295 2678 1517 2720 annuatim
1533 2677 1640 2718 mihi
1653 2680 1695 2719 et
1710 2676 1934 2718 heredibus
1954 2676 2058 2719 meis

106 2770 194 2812 sive
224 2770 452 2826 assignatis
485 2771 576 2826 ipse
614 2771 643 2814 J
647 2771 844 2814 ERUARD'
874 2776 917 2813 et
949 2771 1123 2813 heredes
1155 2771 1221 2812 sui
1257 2770 1343 2812 sive
1376 2769 1581 2825 assignati
1610 2767 1832 2809 duodecim
1863 2767 2056 2809 denarios

104 2862 276 2917 argenti
297 2862 524 2903 annuatim
545 2863 600 2904 ad
619 2863 776 2904 festum
798 2862 944 2905 Sancti
965 2862 1226 2904 MICHAELIS
1247 2861 1493 2917 archangeli
1513 2875 1588 2916 pro
1605 2859 1800 2901 omnibus
1815 2858 1997 2900 serviciis
2013 2861 2055 2900 et

103 2951 362 2994 secularibus
383 2953 617 2995 demandis.
679 2953 764 2995 Pro
781 2953 859 2995 hac
876 2958 1020 2995 autem
1033 2968 1129 2994 mea
1142 2952 1374 2995 donacione
1388 2950 1649 2993 concessione
1667 2952 1709 2990 et
1723 2949 1928 3004 presentis
1944 2942 2058 2991 carte*

100 3056 195 3084 mee
215 3043 537 3086 confirmacione
558 3044 677 3086 dedit
692 3044 822 3086 michi
838 3045 1050 3100 predictus
1065 3043 1095 3087 J
1101 3042 1295 3086 ERUARD’
1315 3057 1446 3085 unam
1463 3055 1647 3083 marcam
1663 3039 1964 3095 sterlingorum
1980 3054 2054 3095 pre
