2386 3645
1959 294 2068 336 1473

181 503 443 559 presentium
472 502 530 544 sic
550 502 728 544 citamus
749 500 951 556 quatinus
971 499 1200 542 centesima
1220 499 1289 541 die
1315 502 1410 555 post
1431 499 1674 541 citationem
1694 499 1940 555 hujusmodi
1960 515 2033 555 per
2050 514 2124 542 vos

183 594 251 636 vel
271 594 453 636 alterum
471 596 659 635 vestrum
679 592 738 634 eis
758 591 916 633 factam
936 589 1182 632 immediate
1203 590 1398 645 sequenti
1418 590 1453 632 si
1474 590 1564 632 dies
1582 590 1674 645 ipsa
1694 591 1921 632 centesima
1940 590 2123 646 juridica

183 685 314 727 fuerit
346 687 390 727 et
423 699 500 727 nos
520 684 587 726 vel
617 683 726 725 alius
755 682 900 725 forsan
929 682 1020 724 loco
1054 681 1188 723 nostri
1215 681 1502 737 surrogandus
1535 681 1703 723 auditor
1734 681 1769 722 si
1799 696 1925 736 quem
1953 682 2126 724 interim

180 775 363 818 forsitan
401 774 448 816 in
481 789 606 817 causa
645 776 688 816 et
723 788 845 816 cause
879 772 1128 828 hujusmodi
1165 771 1379 828 surrogari
1427 771 1654 827 contigerit
1692 771 1829 814 Rome
1867 772 1913 814 in
1962 772 2128 814 Palatio

183 880 404 909 causarum
445 865 672 921 apostolico
709 864 755 906 in
796 878 879 919 quo
919 863 1017 919 jura
1055 863 1177 905 reddi
1213 862 1348 905 solent
1379 863 1448 904 vel
1477 861 1581 904 alibi
1614 861 1689 904 ubi
1712 864 1815 904 tunc
1841 862 1984 905 forsan
2012 863 2127 905 idem

184 956 383 999 dominus
422 958 564 998 noster
604 955 724 1011 Papa
770 969 867 996 cum
920 968 996 996 sua
1048 953 1164 995 curia
1222 953 1424 995 residebit
1482 954 1538 995 ad
1595 953 1694 1008 jura
1741 953 2006 994 reddendum
2051 967 2128 1007 pro

183 1047 389 1090 tribunali
409 1047 639 1089 sederimus
659 1046 727 1088 vel
748 1045 903 1088 sederit
935 1078 943 1086 .
978 1044 1184 1100 Alioquin
1205 1044 1398 1100 proxima
1415 1043 1485 1086 die
1505 1043 1689 1100 juridica
1709 1046 1865 1085 extunc
1883 1043 2128 1085 immediate

185 1141 386 1194 sequente
420 1152 505 1194 qua
535 1152 612 1180 nos
631 1137 699 1180 vel
719 1137 956 1193 predictum
992 1136 1136 1178 forsan
1157 1136 1469 1191 surrogandum
1491 1134 1729 1177 auditorem
1748 1134 1795 1176 in
1830 1134 1942 1176 dicto
1971 1134 2130 1189 palatio

184 1244 406 1273 causarum
427 1228 656 1284 apostolico
675 1242 801 1270 mane
821 1227 925 1269 hora
947 1241 1167 1268 causarum
1188 1226 1240 1268 ad
1263 1226 1361 1282 jura
1381 1226 1646 1267 reddendum
1666 1240 1742 1280 pro
1763 1224 1968 1267 tribunali
1989 1225 2130 1266 sedere

185 1321 412 1377 contigerit
444 1334 520 1376 per
539 1334 582 1362 se
606 1319 674 1362 vel
694 1321 1008 1375 procuratorem
1034 1333 1107 1360 seu
1134 1320 1424 1373 procuratores
1452 1331 1547 1359 suos
1567 1316 1756 1372 ydoneos
1783 1316 1838 1357 ad
1866 1330 2034 1357 causam
2059 1329 2132 1357 seu

186 1427 331 1454 causas
349 1410 600 1467 hujusmodi
626 1409 748 1452 nobis
769 1409 1010 1452 commissas
1030 1408 1284 1451 sufficienter
1310 1408 1537 1450 instructos
1557 1421 1653 1449 cum
1675 1406 1870 1449 omnibus
1890 1409 1933 1448 et
1952 1405 2133 1462 singulis

184 1503 288 1545 actis
328 1503 514 1545 actitatis
553 1501 707 1544 litteris
747 1500 1043 1543 instrumentis
1075 1498 1235 1542 viribus
1274 1499 1509 1554 privilegiis
1548 1497 1808 1554 processibus
1840 1501 1882 1540 et
1918 1497 2012 1539 aliis
2047 1497 2132 1539 suis

184 1593 456 1637 monimentis
480 1594 535 1635 ad
560 1607 730 1634 causam
750 1594 792 1634 et
822 1606 966 1634 causas
986 1590 1235 1646 hujusmodi
1262 1589 1514 1632 fatientibus
1534 1605 1582 1632 ac
1603 1604 1697 1632 eam
1717 1604 1791 1631 seu
1811 1604 1880 1630 eas
1901 1589 2130 1644 quomodo-

183 1685 288 1727 libet
309 1683 586 1741 tangentibus
606 1686 649 1726 et
674 1682 1022 1726 concernentibus
1042 1680 1365 1738 compar[e]ant
1380 1681 1425 1723 in
1446 1697 1460 1737 J
1468 1681 1606 1723 udicio
1622 1680 1833 1736 legittime
1850 1694 1989 1722 coram
2009 1678 2132 1721 nobis

187 1776 255 1819 vel
294 1776 482 1832 predicto
522 1775 666 1817 forsan
701 1774 792 1817 loco
824 1773 958 1816 nostri
994 1773 1255 1829 surrogando
1285 1772 1476 1814 auditore
1509 1771 1686 1828 prefatis
1716 1771 1887 1813 domino
1918 1770 1947 1812 J
1950 1784 2127 1812 OHANNI

183 1867 328 1910 abbati
360 1870 403 1909 et
435 1865 662 1909 conventui
693 1864 999 1921 principalibus
1031 1879 1105 1906 seu
1137 1878 1282 1906 eorum
1313 1862 1525 1919 legittimo
1556 1861 1815 1917 procuratori
1844 1862 1896 1902 de
1927 1866 1970 1902 et
2005 1875 2129 1916 super

183 1957 380 2000 omnibus
408 1965 450 2000 et
483 1957 664 2013 singulis
691 1957 737 1998 in
765 1956 879 1998 dicta
908 1955 1029 1997 nobis
1053 1955 1168 1997 facta
1198 1957 1241 1996 et
1261 1955 1502 2009 presentata
1523 1953 1812 1995 commissione
1835 1951 2044 1994 contentis
2074 1951 2127 1993 de

182 2049 351 2105 justitia
385 2048 626 2104 responsuri
661 2062 708 2089 ac
738 2047 784 2088 in
812 2061 936 2088 causa
963 2049 1006 2088 et
1038 2045 1172 2087 causis
1196 2043 1443 2100 hujusmodi
1471 2044 1524 2084 ad
1553 2057 1698 2085 omnes
1729 2044 1772 2084 et
1792 2041 1981 2096 singulos
2011 2044 2129 2082 actus

180 2139 395 2196 gradatim
425 2141 468 2181 et
499 2138 727 2181 successive
760 2140 803 2180 et
835 2152 965 2193 usque
993 2137 1048 2178 ad
1079 2135 1349 2178 diffinitivam
1382 2133 1637 2176 sententiam
1666 2132 1871 2174 inclusive
1901 2131 2055 2174 debitis
2085 2134 2128 2173 et

181 2230 391 2273 consuetis
410 2230 603 2272 terminis
623 2232 666 2272 et
685 2228 961 2271 dilationibus
988 2225 1310 2283 precedentibus
1330 2228 1380 2268 ut
1399 2225 1527 2267 moris
1548 2227 1610 2267 est
1637 2223 1868 2280 processuri
1888 2226 1932 2265 et
1957 2222 2126 2278 procedi

179 2321 311 2364 visuri
351 2321 537 2376 aliasque
577 2320 733 2362 dicturi
771 2319 928 2361 facturi
966 2317 1155 2360 audituri
1196 2316 1423 2372 allegaturi
1463 2318 1506 2358 et
1545 2315 1754 2371 recepturi
1796 2314 1909 2369 quod
1957 2313 2126 2369 justitia

180 2412 376 2455 suadebit
410 2415 454 2455 et
489 2412 590 2454 ordo
621 2410 845 2453 dictaverit
871 2409 1060 2451 rationis.
1123 2407 1414 2450 Gertificantes
1444 2406 1745 2448 nichilominus
1775 2406 1944 2448 eosdem
1975 2404 2123 2447 citatos

179 2504 292 2560 quod
320 2503 406 2546 sive
441 2503 487 2545 in
517 2502 628 2545 dicte
660 2501 872 2544 citationis
906 2500 1087 2543 termino
1120 2502 1168 2541 ut
1211 2498 1463 2554 premissum
1502 2500 1565 2540 est
1605 2511 1845 2552 comparere
1885 2495 2124 2538 curaverint

178 2595 265 2637 sive
304 2609 390 2636 non
418 2593 511 2637 Nos
543 2593 844 2636 nichilominus
882 2594 958 2633 aut
992 2591 1130 2633 dictus
1168 2590 1313 2632 forsan
1352 2589 1444 2631 loco
1473 2588 1607 2631 nostri
1638 2588 1924 2644 surrogandus
1955 2586 2123 2629 auditor

178 2686 224 2727 in
265 2700 390 2728 causa
425 2688 467 2727 et
505 2684 640 2727 causis
678 2683 928 2739 hujusmodi
967 2682 1021 2724 ad
1055 2683 1195 2737 partes
1230 2695 1369 2723 coram
1401 2679 1522 2722 nobis
1558 2681 1846 2734 comparentes
1881 2680 1924 2720 et
1955 2691 2122 2718 causam

178 2791 252 2819 seu
273 2791 417 2818 causas
441 2775 691 2832 hujusmodi
709 2773 906 2830 prosequi
925 2773 1115 2815 volentes
1140 2771 1391 2814 instantiam
1418 2771 1473 2812 ad
1493 2769 1696 2826 premissa
1716 2768 1859 2810 omnia
1879 2772 1921 2809 et
1952 2767 2122 2822 singula

178 2870 306 2924 prout
337 2866 503 2923 justum
533 2865 665 2908 fuerit
693 2865 966 2921 procedemus
997 2878 1071 2905 seu
1099 2862 1296 2918 procedet
1325 2861 1535 2904 dictorum
1568 2859 1794 2901 citatorum
1825 2857 2016 2900 absentia
2049 2871 2122 2898 seu

178 2958 443 3001 contumacia
481 2957 528 2999 in
567 2956 710 3012 aliquo
749 2970 837 2997 non
876 2954 1082 2997 obstante.
1144 2953 1273 2995 Diem
1312 2966 1411 2994 vero
1457 2949 1668 2994 citationis
1707 2947 1955 3005 hujusmodi
1994 2951 2122 3002 atque

176 3051 358 3093 formam
394 3051 438 3091 et
468 3048 672 3104 quicquid
706 3047 752 3089 in
787 3045 1000 3102 premissis
1032 3043 1216 3087 feceritis
1250 3058 1324 3085 seu
1358 3042 1466 3084 alter
1491 3043 1682 3083 vestrum
1714 3039 1863 3082 fecerit
1897 3037 2019 3080 nobis
2049 3052 2124 3092 per

378 3189 453 3225 81<
