2386 3645
1859 285 1879 325 1
1890 284 1970 326 185

898 493 1212 537 DOOCOLVI.

82 608 297 654 GRANT
332 606 419 650 BY
443 605 612 649 JOHN
643 604 728 647 DE
757 602 991 654 AVENE,
1024 601 1193 644 LORD
1223 600 1301 643 OF
1333 598 1566 651 AVENE,
1602 597 1842 649 KILVEI,
1883 595 2029 648 ETO„

224 696 538 742 ISABELLA
616 695 725 738 HIS
805 693 989 748 WIFE,
1068 692 1203 735 AND
1285 689 1542 734 THOMAS
1622 688 1826 731 THEIR
1898 686 2029 738 SON,

224 789 301 833 TO
338 787 605 831 GRIFFIN
646 784 926 837 GETHYN,
970 783 1048 826 OF
1086 781 1263 825 LAND
1305 780 1377 823 IN
1419 779 1550 823 THE
1589 777 1910 821 LORDSHIP
1951 776 2030 819 OF

224 879 464 924 KILVEI.

878 933 1098 990 [Fam-ms
1127 930 1244 985 MS]

951 1024 1212 1066 EPIPHANY.
1276 1022 1300 1062 6
1323 1020 1352 1063 J
1355 1035 1429 1062 AN.
1493 1020 1518 1060 6
1540 1019 1668 1061 Enw.
1691 1017 1782 1061 III.
1847 1018 1970 1059 1333.

139 1137 284 1180 Sciant
303 1138 518 1191 presentes
538 1137 580 1176 et
601 1133 740 1176 futuri
761 1133 876 1188 quod
896 1146 973 1174 nos
993 1131 1023 1174 J
1026 1144 1236 1182 oHiQNNEs
1265 1129 1318 1170 de
1349 1127 1517 1169 AvExE
1539 1126 1737 1168 dominus
1756 1126 1809 1167 de
1829 1124 1996 1167 AvExE
2019 1156 2030 1167 .

82 1228 203 1272 Sum
243 1231 286 1271 et
325 1228 378 1269 de
410 1225 584 1268 KILVEI
620 1258 628 1267 .
663 1229 706 1266 et
736 1224 960 1266 ISABELLA
991 1237 1099 1264 uxor
1129 1235 1223 1263 mea
1251 1222 1294 1261 et
1321 1218 1510 1261 THOMAS
1540 1217 1654 1259 filius
1679 1220 1822 1259 noster
1837 1216 2032 1258 dedimus

81 1318 358 1363 concessimus
407 1320 450 1360 et
499 1316 578 1358 hac
627 1315 815 1371 presenti
856 1317 971 1357 carta
1010 1316 1156 1355 nostra
1191 1311 1533 1355 confirmavimus
1569 1309 1795 1353 GRIFFINO
1836 1307 2032 1350 &mm-N

80 1426 135 1467 ap
169 1410 333 1452 MAnoc
372 1423 426 1464 ap
468 1407 561 1450 RES
610 1411 653 1449 et
702 1405 929 1448 heredibus
978 1405 1065 1447 suis
1109 1419 1157 1446 ac
1207 1403 1434 1460 assignatis
1483 1403 1590 1444 duas
1628 1414 1745 1442 acras
1783 1398 1896 1455 prati
1935 1412 2032 1440 cum

80 1500 351 1559 pertinentiis
389 1499 579 1556 jacentes
620 1498 736 1553 apud
779 1496 1222 1539 GWENCLUNCURNAZ
1269 1495 1316 1537 in
1368 1493 1558 1537 dominio
1611 1493 1663 1534 de
1708 1490 1881 1533 K1Lvm
1921 1490 2034 1531 iuter

79 1596 238 1636 terram
278 1592 473 1635 GRADOCI
514 1605 568 1646 ap
609 1589 744 1631 ENER
785 1591 978 1629 vocatam
1018 1586 1300 1629 TULEGAREN
1337 1600 1390 1627 ex
1421 1588 1541 1640 parte
1574 1582 1771 1625 orientali
1802 1584 1845 1623 et
1878 1584 2037 1623 terram

80 1685 214 1741 ipsius
262 1682 459 1726 CRADOCI
511 1685 704 1723 vocatam
745 1679 977 1722 CORSLOYN
1017 1694 1071 1720 ex
1111 1680 1230 1733 parte
1271 1676 1521 1719 occidentali
1561 1677 1604 1717 et
1642 1674 1808 1716 fontem
1842 1676 2035 1715 vocatam

81 1773 574 1819 Fpoxoxcnmfflmx
595 1774 716 1826 parte
739 1769 915 1811 australi
936 1773 979 1811 et
1008 1772 1167 1811 terram
1195 1767 1425 1810 TRAHARN
1459 1781 1512 1821 ap
1539 1765 1569 1808 J
1573 1779 1694 1806 EVAN
1730 1779 1784 1820 ap
1806 1763 2036 1805 TRAHARN

81 1880 135 1906 ex
164 1867 285 1931 parte
319 1862 470 1905 boriali
503 1877 579 1918 pro
612 1862 757 1903 decem
793 1859 938 1902 solidis
971 1859 1274 1915 sterlingorum
1306 1857 1428 1901 nobis
1458 1872 1533 1913 pre
1567 1854 1764 1898 manibus
1797 1853 2033 1909 persolutis.

84 1954 351 2020 Habendum
368 1958 411 1996 et
430 1954 666 1996 tenendum
687 1952 827 1994 eidem
849 1951 1079 1994 GRIFFINO
1115 1955 1157 1993 et
1177 1949 1402 1992 heredibus
1422 1948 1509 1991 suis
1529 1963 1577 1990 ac
1597 1946 1824 2002 assignatis
1843 1946 1895 1987 de
1915 1943 2037 1986 nobis

83 2050 126 2089 et
146 2044 372 2088 heredibus
387 2044 542 2087 nostris
562 2059 610 2086 ac
632 2043 859 2099 assignatis
878 2042 1009 2085 libere
1027 2042 1168 2098 quiete
1188 2041 1296 2084 bene
1318 2044 1360 2083 et
1380 2041 1425 2082 in
1447 2055 1548 2096 pace
1569 2039 1664 2095 jure
1679 2036 1935 2080 hereditario
1955 2036 2035 2078 im-

84 2140 338 2193 perpetuum
378 2150 475 2178 cum
515 2135 713 2177 omnibus
752 2134 1022 2190 pertinentiis
1064 2132 1333 2176 libertatibus
1372 2131 1516 2173 liberis
1563 2127 1939 2172 consuetudinibus
1988 2141 2037 2168 ae

85 2226 360 2282 aysiamentis
391 2226 476 2268 suis
507 2225 842 2281 quibuscunque.
925 2224 1165 2267 Reddendo
1198 2223 1298 2265 inde
1331 2221 1556 2264 annuatim
1587 2219 1708 2262 nobis
1743 2222 1784 2261 et
1811 2217 2038 2261 heredibus

0 2344 11 2349 —
82 2318 237 2360 nostris
256 2332 304 2359 ac
324 2317 552 2374 assignatis
567 2317 655 2372 ipse
671 2315 927 2358 Grmrmxns
947 2318 991 2357 et
1009 2315 1186 2357 heredes
1207 2314 1273 2356 sui
1293 2329 1340 2356 ac
1361 2312 1568 2369 assignati
1589 2312 1694 2353 duos
1714 2309 1908 2352 dena-rios
1926 2308 2036 2351 bone

82 2412 126 2450 et
145 2408 306 2449 usualis
326 2410 496 2449 monete
517 2407 571 2449 ad
601 2406 761 2469 festum
783 2405 930 2449 Sancti
951 2405 1211 2448 MICHAELIS
1243 2407 1285 2446 et
1305 2403 1500 2446 faciendo
1521 2402 1605 2444 alia
1625 2401 1800 2444 servicia
1819 2399 1963 2442 debita
1993 2401 2037 2442 et

82 2498 135 2541 de
167 2497 264 2554 jure
294 2501 505 2540 consueta.
568 2496 630 2539 Et
654 2512 731 2539 nos
761 2510 859 2539 vero
890 2496 1071 2552 predicti
1100 2495 1130 2539 J
1133 2508 1344 2537 OHANNES
1375 2497 1417 2536 et
1447 2493 1668 2536 IsAssELLA
1699 2495 1742 2534 et
1772 2491 1963 2533 THOMAs
1993 2492 2037 2532 et

82 2588 258 2632 heredes
297 2588 432 2630 nostri
472 2588 683 2644 predictas
715 2589 822 2630 duas
853 2603 969 2630 acras
1000 2587 1113 2643 prati
1153 2601 1250 2629 cum
1288 2584 1558 2642 pertinentiis
1593 2581 1861 2626 libertatibus
1892 2581 2036 2624 liberis

80 2679 460 2723 vconsuetudinibus
481 2695 528 2722 ac
544 2679 820 2733 aysiamentis
841 2679 927 2721 suis
955 2678 1210 2721 omnimodis
1230 2680 1279 2719 ut
1299 2676 1538 2733 predictum
1559 2678 1622 2717 est
1642 2674 1780 2716 eidem
1811 2672 2038 2715 GRIFFmo

79 2774 126 2814 et
145 2770 372 2813 heredibus
393 2770 480 2813 suis
500 2785 548 2812 ac
569 2769 796 2826 assignatis
815 2785 891 2826 per
911 2770 1104 2812 redditus
1124 2772 1167 2811 et
1188 2768 1364 2811 servicia
1391 2767 1439 2809 in
1469 2766 1608 2808 forma
1636 2767 1860 2821 prenotata
1889 2768 2037 2806 contra

86 2876 231 2904 omnes
249 2861 450 2904 mortales
469 2861 840 2904 warantizabimus
861 2864 903 2904 et
924 2860 1204 2903 defendemus
1222 2859 1551 2916 imperpetuum.

141 2951 198 2994 In
218 2951 341 3008 cujus
360 2952 423 2994 rei
443 2952 736 2995 testimonium
757 2952 857 2994 huic
887 2951 1074 3008 presenti
1106 2954 1219 2994 carte
1248 2950 1391 3007 sigilla
1418 2951 1564 2992 nostra
1588 2946 1873 3004 apposuimus·
1935 2945 2040 2988 Hiis

79 3040 264 3084 testibus
286 3075 295 3084 .
318 3041 548 3085 MoRGANo
579 3056 633 3098 ap
666 3041 759 3085 RES
789 3045 892 3084 tunc
923 3041 1152 3085 senescallo
1182 3050 1324 3084 nostro
1352 3040 1405 3082 dc
1436 3038 1622 3082 Kmm
1654 3071 1663 3080 .
1696 3036 1886 3080 MAnoco
1921 3036 2040 3081 Von,

289 3180 359 3216 Gr
