2386 3645
299 302 410 344 1462

297 507 359 551 Et
377 509 556 552 ulterius
576 510 628 553 de
648 509 833 553 uberiori
852 509 993 566 gratia
1019 513 1163 552 nostra
1182 510 1377 553 dedimus
1404 514 1447 553 et
1467 510 1743 554 concessimus
1769 509 2012 553 hominibus
2032 513 2179 554 tenen-

237 599 352 642 tibus
391 603 434 642 et
472 600 755 644 residentibus
794 601 948 643 nostris
986 601 1201 656 praedictis
1241 605 1374 644 terras
1408 605 1652 644 tenementa
1680 600 1873 643 redditus
1901 602 2180 656 possessiones

239 689 351 732 bona
370 694 412 733 et
433 692 586 734 catalla
606 707 682 734 sua
703 708 980 749 quaecumque
999 693 1122 736 nobis
1140 692 1223 735 hiis
1243 692 1528 735 occasionibus
1547 692 1777 735 forisfacta.
1840 692 2107 735 Habendum
2135 695 2178 735 et

236 783 470 824 tenendum
500 783 703 839 praedicta
732 786 866 826 terras
894 786 1139 826 tenementa
1167 783 1359 826 redditus
1389 786 1432 825 et
1460 783 1739 838 possessiones
1772 798 1847 839 per
1877 783 2048 826 servitia
2077 783 2177 826 inde

236 872 474 928 antiquitus
500 873 645 916 debita
679 878 722 916 et
754 877 952 917 consueta
985 875 1111 916 modo
1147 888 1230 929 quo
1265 873 1344 929 ipsi
1380 873 1455 915 illa
1475 873 1717 916 habuerunt
1747 876 1790 916 et
1820 876 2051 916 tenuerunt
2080 878 2179 917 ante

232 962 506 1006 rebellionem
527 965 826 1020 supradictam.

291 1054 346 1096 In
383 1054 518 1110 cujus,
549 1058 642 1107 etc„
675 1058 782 1097 teste
809 1055 931 1111 Rege
961 1055 1076 1110 apud
1112 1054 1574 1097 WESTMONASTERIUM
1606 1069 1769 1097 xxv111.
1803 1055 1871 1097 die
1904 1054 2146 1097 Ffebruarii
2167 1089 2176 1097 .

231 1159 306 1200 per
325 1144 451 1186 breve
472 1146 524 1187 de
545 1145 709 1201 privato
730 1145 883 1201 sigillo.

1121 1461 1274 1504 MOII.

230 1568 445 1612 GRANT
481 1569 568 1612 BY
595 1570 696 1612 sIR
724 1569 1069 1613 LAURENOE
1105 1569 1563 1613 BERKEROLLES
1597 1569 1672 1612 ΤΟ
1701 1570 1731 1613 J
1735 1569 1870 1612 OHN
1906 1569 2175 1613 MAOHON

442 1661 575 1704 AND
628 1661 874 1704 OTHERs
925 1661 1003 1704 OF
1052 1660 1576 1704 LAURENOELAND
1627 1660 1699 1703 IN
1750 1660 1969 1703 COYTY.

1073 1768 1148 1825 [G.
1173 1768 1224 1811 Gr.
1249 1768 1324 1825 F]

1380 1862 1402 1902 1
1437 1860 1538 1903 OCT.
1602 1862 1655 1902 13
1686 1860 1811 1902 HEN.
1844 1859 1926 1903 IV.
1991 1861 2114 1902 1411.

286 1966 430 2009 Sciant
451 1970 664 2022 presentes
685 1971 726 2010 et
754 1968 890 2010 futuri
915 1969 1028 2024 quod
1059 1983 1137 2025 ego
1165 1967 1460 2011 LAURENCIUS
1488 1968 1814 2011 BERKEROULL’
1837 1968 1957 2010 miles
1978 1968 2176 2010 dominus

227 2059 279 2099 de
303 2057 510 2099 COYTIFF'
533 2059 631 2100 dedi
653 2058 833 2101 concessi
854 2062 896 2100 et
917 2059 995 2101 hac
1016 2059 1202 2115 presenti
1223 2063 1338 2102 carta
1357 2074 1453 2101 mea
1474 2059 1719 2101 confirmavi
1739 2058 1768 2101 J
1771 2073 1948 2101 OHANNI
1971 2059 2175 2101 MAcHoN

227 2148 256 2190 J
260 2163 436 2190 OHANNI
450 2164 503 2204 ap
517 2149 721 2193 WILLYM
737 2149 940 2193 VAGHAN
958 2150 1188 2206 capellanis
1203 2153 1245 2192 et
1261 2150 1290 2192 J
1294 2164 1470 2192 OHANNI
1487 2149 1676 2192 THOMAs
1690 2151 1742 2192 de
1761 2149 2015 2206 OOYT[1]FF'
2032 2151 2175 2192 omnia

226 2245 358 2282 terras
379 2244 418 2282 et
442 2243 687 2282 tenementa
707 2243 831 2296 prata
851 2240 996 2283 boscos
1015 2243 1209 2296 pasturas
1229 2243 1272 2283 et
1291 2244 1411 2283 vasta
1433 2255 1528 2282 cum
1558 2240 1754 2282 omnibus
1784 2241 1870 2282 suis
1901 2240 2173 2296 pertinenciis

229 2331 386 2373 vocatis
406 2329 827 2373 LAURENCEYSLOND
848 2346 929 2386 que
959 2331 1164 2387 magister
1192 2331 1486 2373 LAURENCIUS
1518 2332 1569 2373 de
1601 2331 1926 2373 TURBERVILLE
1958 2332 2175 2386 quondam

229 2437 409 2477 persona
429 2422 597 2464 ecclesie
613 2423 665 2464 de
682 2421 998 2465 COYCHOURCH’
1013 2423 1152 2465 tenuit
1167 2422 1283 2465 infra
1299 2423 1535 2465 dominium
1552 2423 1604 2464 de
1622 2422 1845 2465 GOYTIFF’.
1907 2422 2174 2465 Habendum

231 2516 273 2555 et
286 2514 517 2555 tenendum
534 2513 677 2555 omnia
691 2514 881 2569 predicta
896 2517 1028 2556 terras
1042 2517 1084 2557 et
1098 2517 1343 2556 tenementa
1363 2517 1485 2569 prata
1504 2513 1648 2556 boscos
1669 2517 1861 2569 pasturas
1881 2516 1924 2556 et
1938 2516 2057 2556 vasta
2078 2528 2175 2555 cum

229 2603 425 2646 omnibus
455 2603 541 2646 suis
570 2604 843 2659 pertinenciis
872 2605 1070 2660 predictis
1099 2605 1129 2647 J
1132 2619 1308 2647 OHANNI
1339 2604 1541 2646 MACHON
1573 2607 1615 2646 et
1645 2604 1674 2647 J
1677 2619 1854 2646 OHANNI
1887 2619 1941 2660 ap
1972 2604 2175 2648 WILLYM

229 2694 433 2738 VAGHAN
455 2694 684 2750 capellanis
705 2700 746 2737 et
766 2695 795 2738 J
799 2710 975 2738 OHANNI
998 2695 1188 2738 THOMAS
1207 2695 1433 2739 heredibus
1449 2698 1492 2737 et
1513 2695 1738 2752 assignatis
1759 2695 1844 2737 suis
1860 2695 2175 2750 imperpetuum

230 2785 282 2827 de
304 2785 475 2841 capitali
495 2785 667 2828 domino
688 2786 800 2828 feodi
820 2786 936 2828 illius
955 2802 1031 2842 per
1050 2787 1242 2829 redditus
1262 2789 1303 2828 et
1325 2785 1499 2828 servicia
1519 2785 1618 2827 inde
1638 2785 1756 2841 prius
1776 2784 1920 2827 debita
1941 2788 1984 2827 et
2005 2786 2057 2826 de
2077 2800 2091 2840 J
2099 2800 2174 2827 ure

229 2878 440 2917 consueta.
503 2875 562 2918 Et
592 2890 672 2932 ego
703 2891 800 2918 vero
829 2877 1043 2932 predictus
1073 2876 1367 2919 LAURENCIUS
1398 2875 1723 2918 BERKEROULL'
1746 2875 1866 2917 miles
1896 2875 2094 2917 dominus
2123 2875 2176 2917 de

231 2966 425 3008 OOYTIFF
447 2969 488 3008 et
509 2966 683 3009 heredes
703 2967 788 3009 mei
809 2967 952 3010 omnia
971 2968 1161 3023 predicta
1180 2970 1314 3009 terras
1334 2971 1375 3009 et
1396 2969 1641 3009 tenementa
1660 2968 1784 3022 prata
1812 2965 1956 3008 boscos
1982 2968 2176 3021 pasturas

228 3060 270 3099 et
291 3060 409 3099 vasta
430 3071 527 3098 cum
548 3056 744 3099 omnibus
775 3057 860 3099 suis
889 3057 1161 3113 pertinenciis
1190 3057 1377 3113 predicto
1407 3057 1437 3100 J
1440 3071 1616 3099 OHANNI
1648 3056 1848 3098 MACHON
1880 3055 1907 3098 J
1912 3070 2087 3098 OHANNI
2119 3070 2173 3111 ap
