2386 3645
298 272 408 313 1416

292 478 408 521 Data
428 477 542 533 apud
562 475 788 518 KAERDYF
805 473 1119 530 quartodecimo
1139 472 1207 513 die
1228 471 1383 513 mensis
1399 469 1507 512 Maii
1523 483 1636 512 anno
1656 468 1779 525 regni
1801 467 1935 523 Regis
1954 466 2180 509 EDWARDI

235 568 350 610 tertii
371 570 467 624 post
487 568 763 622 conquestum
784 563 994 607 tricesimo
1014 565 1177 618 quarto.
1243 560 1351 618 [Ap.
1379 558 1526 616 1360.]

293 659 387 701 Nos
406 673 505 701 vero
525 657 717 713 prefatus
739 655 928 698 THoMAs
948 654 988 696 le
1009 653 1277 696 DEsPENSER
1297 653 1349 694 de
1370 650 1513 707 gracia
1533 655 1678 693 nostra
1709 648 1877 704 speciali
1908 647 2186 690 concessimus

235 750 434 806 predictis
453 747 735 804 burgensibus
755 745 909 788 nostris
930 748 972 787 et
992 758 1136 787 eorum
1158 741 1460 785 successoribus
1475 741 1589 796 quod
1609 739 1794 782 habeant
1809 753 1944 781 unum
1960 753 2185 780 messorem

235 857 360 896 super
397 838 647 896 (pasturam)
685 852 829 880 eorum
860 838 1049 878 vocatam
1081 835 1120 876 le
1152 833 1316 876 RUGGE
1347 847 1429 888 que
1460 847 1502 874 se
1533 830 1726 873 extendit
1756 830 1801 871 in
1830 828 2102 885 longitudine
2133 829 2185 871 de

235 932 414 974 CATPUT
433 945 566 986 usque
588 930 642 971 ad
663 928 828 970 RUGGE
848 928 901 968 de
918 925 1101 968 OOIT1FF
1118 924 1220 966 etin
1235 923 1464 965 latitudine
1477 923 1529 964 de
1543 921 1874 964 KEVENCRIBOR
1886 935 2018 975 usque
2031 933 2186 974 aquam

239 1024 531 1066 decurrentem
552 1021 604 1062 de
626 1019 1010 1061 LOWERKESMORE
1028 1030 1160 1070 usque
1176 1014 1375 1056 KENFEG
1390 1013 1653 1069 quiquidem
1669 1027 1826 1054 messor
1847 1012 1881 1053 si
1903 1011 2066 1066 aliquos
2086 1011 2192 1053 alios

233 1119 502 1170 preterquam
523 1111 753 1166 burgenses
773 1107 872 1150 ville
893 1109 1033 1148 nostre
1054 1105 1240 1160 predicte
1260 1104 1452 1145 inveniat
1472 1117 1597 1158 super
1613 1103 1770 1144 dictam
1791 1106 2009 1157 pasturam
2030 1117 2180 1144 manu-

234 1207 454 1260 operantes
475 1216 570 1244 cum
591 1214 736 1243 eorum
756 1197 906 1240 averiis
925 1197 1037 1252 ipsos
1058 1194 1282 1237 attachiari
1310 1194 1439 1236 faciat
1459 1196 1502 1235 et
1532 1193 1864 1235 attachiamenta
1893 1196 2103 1247 presentet
2126 1194 2181 1235 ad

234 1295 502 1338 huudredam
538 1291 638 1334 ville
670 1293 811 1332 nostre
846 1287 1032 1343 predicte
1066 1291 1108 1328 et
1142 1285 1228 1327 sint
1267 1285 1327 1327 ibi
1368 1283 1584 1327 amerciati
1625 1284 1857 1326 secundum
1899 1284 2184 1338 quantitatem

239 1386 395 1430 delicti.

295 1476 585 1520 Concessimus
604 1473 777 1527 insuper
797 1468 995 1526 predictis
1014 1466 1299 1524 burgensibus
1318 1466 1473 1508 nostris
1495 1470 1537 1508 et
1559 1480 1704 1507 eorum
1732 1465 2035 1508 successoribus
2056 1480 2186 1508 unam

236 1572 453 1626 pasturam
474 1577 741 1608 communem
761 1564 953 1604 vocatam
973 1560 1013 1602 le
1026 1559 1192 1601 Domum
1209 1559 1261 1600 de
1275 1556 1474 1600 KENFEG
1495 1571 1576 1612 que
1590 1571 1632 1598 se
1648 1556 1842 1598 extendit
1857 1556 1903 1598 in
1916 1556 2189 1612 longitudine

236 1677 260 1703 a
292 1662 412 1716 prato
448 1655 612 1699 comitis
646 1668 775 1709 usque
810 1652 864 1694 ad
894 1650 1282 1693 GOUTESFURLONG
1319 1647 1485 1691 abbatis
1520 1648 1572 1690 de
1607 1646 1747 1689 NETH
1783 1650 1826 1689 et
1854 1662 1897 1689 se
1923 1647 2117 1690 extendit
2146 1647 2192 1689 in

237 1749 465 1794 latitudine
486 1763 511 1790 a
532 1746 822 1790 WADESLOND
844 1756 973 1798 quam
995 1740 1280 1785 WILLELMUS
1306 1738 1521 1782 STIWARD
1554 1741 1672 1781 tenet
1701 1752 1836 1794 usque
1866 1738 1906 1780 le
1938 1738 2112 1795 Burgus
2143 1740 2196 1782 de

237 1842 433 1885 KENFEG
455 1853 580 1894 super
598 1851 725 1892 quam
747 1847 1017 1877 communam
1037 1831 1251 1887 predictus
1271 1845 1428 1872 messor
1448 1844 1524 1885 pro
1557 1829 1777 1871 commodo
1814 1832 1958 1872 nostro
1988 1829 2192 1872 attachia-

237 1936 383 1976 menta
407 1930 549 1973 faciat.
610 1927 670 1969 Et
701 1926 735 1968 si
766 1925 920 1980 aliquis
950 1924 1002 1966 de
1032 1921 1315 1978 burgensibus
1344 1920 1445 1963 ville
1475 1923 1617 1963 nostre
1648 1919 1837 1976 predicte
1871 1920 1925 1962 ad
1947 1920 2195 1963 comitatum

242 2027 432 2066 nostrum
454 2021 813 2064 GLAMORGANCIE
835 2015 977 2070 aliquo
997 2017 1186 2069 tempore
1207 2011 1431 2054 attachiari
1457 2010 1684 2067 contigerit
1705 2011 1900 2053 volumus
1931 2014 1973 2052 et
2004 2012 2194 2054 concedi-

242 2130 337 2158 mus
367 2114 480 2169 quod
504 2110 709 2154 medietas
735 2106 1026 2163 inquisicionis
1056 2120 1138 2160 que
1168 2102 1388 2159 supercapi
1418 2101 1571 2144 debeat
1602 2101 1656 2144 sit
1686 2102 1739 2144 de
1778 2100 2063 2157 burgensibus
2093 2102 2194 2145 ville

246 2211 387 2250 nostre
407 2203 593 2260 predicte
614 2203 655 2243 et
675 2201 808 2242 altera
829 2197 1035 2240 medietas
1055 2197 1107 2238 de
1128 2195 1323 2237 vicinet0.

302 2294 594 2340 Concessimus
631 2292 804 2346 insuper
844 2287 1019 2345 prefatis
1058 2285 1341 2342 burgensibus
1380 2284 1533 2327 nostris
1574 2288 1745 2326 centum
1777 2284 1957 2339 perticas
1997 2288 2108 2326 terre
2146 2285 2192 2327 in

245 2389 526 2445 augmentum
552 2381 803 2426 ffranchesie
828 2393 974 2422 eorum
1009 2377 1204 2420 videlicet
1238 2377 1291 2418 de
1324 2375 1485 2431 capella
1516 2375 1670 2418 Sancte
1706 2374 1867 2416 MARIE
1904 2374 2192 2418 MAGDALENE

251 2494 394 2523 versus
414 2479 579 2533 partem
600 2472 849 2516 orientalem
870 2473 911 2512 et
937 2469 1042 2512 citra
1066 2468 1392 2522 circumquaque
1422 2466 1620 2521 antiquas
1648 2465 1813 2508 bundas
1841 2468 1884 2508 et
1913 2466 2070 2509 limites
2097 2467 2201 2511 dicti

249 2570 379 2626 burgi
409 2569 461 2610 de
489 2565 688 2609 KENFEG
715 2562 973 2605 ratificantes
1001 2563 1043 2601 et
1076 2559 1372 2602 confirmantes
1406 2557 1722 2613 imperpetuum
1758 2571 1832 2612 per
1867 2560 2081 2612 presentes
2122 2573 2197 2614 pio

253 2660 373 2704 nobis
389 2663 432 2702 et
442 2655 669 2700 heredibus
683 2653 837 2696 nostris
849 2665 994 2694 omnes
1009 2650 1218 2706 predictas
1230 2648 1447 2691 libertates
1462 2651 1552 2689 tam
1565 2648 1617 2689 de
1633 2662 1742 2689 novo
1756 2662 1830 2702 per
1843 2661 1920 2689 nos
1939 2647 2196 2704 (innovatas)

256 2766 384 2808 quam
403 2764 478 2806 per
497 2746 707 2804 predictos
727 2746 1005 2786 antecessores
1026 2744 1189 2783 nostros
1213 2739 1412 2795 predictis
1439 2738 1722 2794 burgensibus
1747 2738 1900 2780 nostris
1926 2739 1978 2780 de
2004 2737 2201 2782 KENFEG

260 2847 302 2886 et
322 2855 469 2884 eorum
490 2834 794 2881 successoribus
813 2833 932 2890 prius
947 2833 1082 2874 datas.

318 2932 375 2975 In
406 2930 529 2986 cujus
561 2927 623 2970 rei
656 2924 948 2969 testimonium
978 2922 1078 2965 huic
1107 2921 1294 2977 presenti
1326 2924 1439 2963 carte
1472 2919 1663 2975 sigillum
1698 2918 1944 2961 cancellarie
1975 2923 2116 2963 nostre
2156 2922 2208 2964 de

263 3024 478 3067 KAERDIF
511 3018 711 3062 duximus
742 3015 1057 3071 apponendum.
1119 3012 1222 3055 Hiis
1253 3011 1432 3054 testibus
1468 3045 1475 3052 .
1511 3011 1684 3053 domino
1716 3009 1936 3052 JOHANNE
1968 3011 2021 3052 de
2056 3010 2212 3055 Sancto
