2386 3645
316 257 426 300 1570

255 463 455 507 dominiis
483 461 628 504 castris
654 459 855 502 maneriis
876 457 999 501 terris
1021 459 1064 500 et
1083 455 1339 499 tenementis
1358 453 1557 510 predictis
1576 468 1624 495 ac
1646 453 1698 494 de
1727 450 1923 494 omnibus
1953 453 1996 493 et
2026 449 2207 506 singulis

253 554 467 612 premissis
488 568 583 595 cum
604 552 690 594 suis
710 549 980 607 pertinentiis
1002 563 1083 604 que
1104 547 1282 589 fuerunt
1310 545 1489 601 predicti
1511 543 1733 586 GILBERTI
1765 557 1901 597 nuper
1931 540 2096 583 comitis
2122 540 2208 582 fuit

253 646 420 689 seisitus
439 645 485 686 in
507 643 718 686 dominico
740 657 814 684 suo
836 644 885 683 ut
906 642 958 682 de
980 639 1105 682 feodo
1125 637 1291 679 tanato
1313 651 1388 692 per
1407 636 1591 678 formam
1623 633 1865 675 donationis
1885 632 2071 687 predicte
2093 634 2134 673 et
2156 631 2208 673 de

251 737 331 779 tali
361 739 476 778 statu
506 735 606 777 inde
638 733 743 776 obiit
775 732 941 775 seisitus
971 733 1065 786 post
1097 728 1220 784 cujus
1251 730 1434 769 mortem
1472 725 1616 768 omnia
1656 725 1804 766 eadem
1847 722 2036 765 dominia
2074 725 2209 764 castra

252 827 442 870 maneria
463 829 573 869 terre
595 828 636 867 et
658 824 902 866 tenementa
922 820 1112 877 predicta
1133 834 1181 861 ac
1205 818 1349 860 omnia
1380 820 1422 859 et
1444 816 1615 872 singula
1646 815 1853 870 premissa
1883 829 1979 855 cum
2010 813 2096 855 suis
2116 827 2209 868 per-

250 918 445 961 tinentiis
475 932 557 973 que
587 916 764 958 fuerunt
793 912 974 969 predicti
1008 910 1233 953 GILBERTI
1275 923 1411 963 nuper
1452 907 1617 949 comitis
1648 905 1878 948 EnwARno
1909 904 1997 946 filio
2027 903 2206 959 predicti

253 1010 481 1052 EDWARm
511 1008 552 1050 le
572 1007 843 1049 DESPENSER
873 1002 1018 1045 fratris
1038 1000 1217 1056 predicti
1243 998 1459 1041 Hmoms
1480 997 1559 1039 filii
1579 1000 1629 1039 ut
1656 996 1971 1051 consanguineo
2002 997 2044 1036 et
2064 993 2211 1036 heredi

252 1100 433 1157 predicti
466 1099 680 1141 HUGONIS
708 1096 787 1138 filii
808 1094 1003 1137 videlicet
1035 1092 1122 1134 filio
1149 1091 1377 1132 EDWARDI
1408 1088 1554 1130 fratris
1574 1087 1753 1143 predicti
1775 1086 1990 1128 Huooms
2018 1086 2107 1127 filio
2137 1086 2209 1128 (19-

254 1193 508 1234 scenderunt
525 1205 573 1232 eo
595 1189 709 1245 quod
729 1188 844 1229 idem
865 1185 1006 1227 Huoo
1026 1183 1140 1225 filius
1161 1181 1267 1224 obiit
1289 1181 1379 1222 sine
1396 1179 1550 1221 herede
1572 1179 1624 1220 de
1646 1192 1816 1233 corpore
1837 1191 1912 1219 suo
1933 1179 2115 1219 exeunte
2136 1175 2211 1231 qui

252 1283 426 1339 quidem
440 1282 700 1323 EDWARDUS
716 1278 829 1320 filius
846 1277 1072 1319 EDWARDI
1091 1275 1142 1316 de
1164 1272 1365 1315 dominiis
1382 1270 1527 1312 castris
1541 1269 1744 1311 maneriis
1759 1269 1883 1310 terris
1899 1270 1940 1309 et
1954 1267 2208 1309 tenementis

249 1373 450 1430 predictis
471 1388 518 1414 ac
539 1373 592 1413 de
623 1368 819 1413 omnibus
850 1370 891 1410 et
922 1366 1103 1422 singulis
1133 1363 1347 1420 premissis
1377 1377 1474 1404 cum
1506 1361 1591 1403 suis
1619 1359 1888 1416 pertinentiis
1918 1374 2000 1414 que
2030 1358 2207 1401 fuerunt

250 1464 429 1522 predicti
461 1463 684 1505 GILBERTI
716 1475 852 1515 nuper
883 1457 1047 1500 comitis
1078 1456 1190 1497 inter
1223 1454 1308 1496 alia
1341 1453 1421 1496 fuit
1454 1452 1623 1494 seisitus
1653 1453 1699 1493 in
1731 1447 1943 1492 dominico
1974 1465 2048 1491 suo
2078 1453 2127 1492 ut
2158 1450 2211 1492 de

250 1556 376 1599 feodo
396 1555 563 1598 talliato
584 1568 658 1609 per
679 1552 862 1594 formam
883 1548 1126 1592 donationis
1157 1549 1199 1589 et
1230 1544 1477 1601 particionis
1510 1543 1798 1600 predictarum
1829 1545 1871 1584 et
1903 1542 1956 1583 de
1985 1541 2064 1583 tali
2095 1543 2211 1584 statu

253 1648 354 1690 inde
377 1646 482 1689 obiit
503 1645 668 1687 seisitus
689 1645 782 1698 post
811 1641 934 1696 cujus
962 1642 1142 1681 mortem
1168 1637 1312 1680 omnia
1341 1636 1489 1678 eadem
1510 1634 1700 1677 dominia
1723 1636 1858 1675 castra
1888 1632 2078 1674 maneria
2098 1634 2209 1674 terre

251 1742 294 1781 et
313 1740 557 1781 tenementa
579 1750 626 1777 ao
647 1734 790 1776 omnia
811 1735 853 1774 et
874 1731 1046 1787 singula
1066 1729 1271 1785 premissa
1293 1741 1389 1769 cum
1411 1726 1497 1768 suis
1519 1724 1788 1781 pertinentiis
1809 1735 1891 1779 que
1911 1723 2088 1765 fuerunt
2104 1723 2208 1764 dieti

253 1830 476 1873 GinssmRTI
507 1842 643 1883 nuper
673 1824 838 1868 comitis
869 1823 1037 1865 Tuom
1078 1835 1215 1876 nuper
1248 1818 1436 1861 Domino
1477 1817 1516 1859 le
1559 1817 1830 1859 DESPENSER
1867 1814 1955 1857 filio
1989 1817 2032 1856 et
2063 1814 2210 1856 heredi

256 1921 435 1978 predicti
468 1920 689 1961 EDWARDI
721 1916 800 1959 filii
830 1915 1057 1957 EDWARDI
1089 1912 1129 1954 19
1161 1912 1435 1954 DESPENSER
1464 1923 1539 1964 per
1568 1907 1752 1949 formam
1783 1905 2029 1948 donacionis
2050 1907 2091 1947 et
2112 1920 2208 1961 par-

254 2012 422 2056 ticionis
442 2011 729 2067 predictarum
750 2007 1059 2050 descenderunt
1080 2003 1154 2059 qui
1175 2003 1347 2058 quidem
1369 1999 1560 2043 THoMAs
1582 2013 1631 2040 ea
1652 1997 1792 2040 tenuit
1813 1998 1865 2039 de
1888 1996 2009 2053 Rege
2034 1997 2104 2038 die
2126 2011 2209 2052 quo

259 2104 365 2147 obiit
387 2137 396 2146 .
420 2102 480 2144 Et
501 2101 649 2142 dicunt
677 2099 791 2154 quod
822 2097 1035 2153 predictus
1067 2094 1257 2137 THoMAs
1288 2106 1424 2146 nuper
1454 2089 1667 2132 Dominus
1698 2089 1736 2129 19
1768 2087 2038 2129 DESPENSER
2068 2090 2213 2143 postea

261 2194 367 2237 obiit
390 2227 397 2235 .
421 2195 515 2248 post
529 2191 596 2247 cuj
602 2205 652 2231 us
672 2194 853 2231 mortem
870 2188 1013 2230 omnia
1029 2186 1177 2227 eadem
1197 2182 1388 2225 dominia
1409 2184 1544 2223 castra
1564 2179 1755 2221 maneria
1774 2182 1885 2220 terre
1908 2183 1951 2220 et
1971 2180 2215 2219 tenemento,

259 2286 448 2343 predicta
479 2299 526 2326 ac
556 2282 699 2325 omnia
729 2284 772 2323 et
802 2279 972 2336 singula
1002 2277 1205 2334 premissa
1236 2290 1332 2317 cum
1373 2273 1459 2315 suis
1488 2270 1758 2328 pertinentiis
1789 2285 1870 2325 que
1901 2269 2078 2311 fuerunt
2109 2269 2214 2311 dicti

264 2377 488 2421 GILBERTI
510 2389 646 2429 nuper
667 2371 831 2414 comitis
851 2371 963 2412 inter
984 2369 1068 2411 alia
1089 2367 1399 2410 descenderunt
1430 2363 1635 2405 RICARDO
1666 2360 1754 2402 filio
1785 2365 1827 2402 et
1858 2360 2003 2401 heredi
2034 2359 2215 2415 predicti

265 2468 433 2511 ΤΗΟΜΕ
463 2469 505 2508 et
532 2465 681 2507 dieunt
712 2463 827 2518 quod
856 2461 1070 2518 predictus
1098 2459 1330 2501 Rmunus
1358 2456 1517 2497 adtunc
1547 2452 1662 2495 infra
1693 2454 1850 2494 etatem
1882 2453 1924 2492 et
1953 2450 1997 2492 in
2030 2451 2220 2493 custodia

265 2557 429 2602 domini
442 2556 577 2611 Regis
590 2554 772 2597 existens
786 2552 891 2595 obiit
906 2551 1071 2593 seisitus
1083 2551 1135 2591 de
1149 2549 1227 2591 tali
1243 2550 1358 2589 statu
1370 2547 1423 2587 de
1436 2543 1636 2600 predictis
1649 2542 1848 2585 dominiis
1862 2541 2006 2583 castris
2018 2541 2218 2583 maneriis

268 2650 391 2693 terris
413 2652 454 2690 et
475 2646 730 2689 tenementis
750 2642 949 2700 predictis
977 2657 1024 2683 ac
1056 2642 1109 2683 de
1130 2638 1327 2682 omnibus
1357 2640 1399 2679 et
1421 2635 1602 2691 singulis
1623 2633 1837 2690 premissis
1858 2647 1954 2674 oum
1975 2632 2060 2673 suis
2090 2631 2219 2687 perti-

266 2740 425 2784 nentiis
445 2753 527 2793 que
547 2736 761 2793 predictus
782 2734 970 2776 THOMAS
990 2747 1126 2788 nuper
1146 2729 1360 2773 Dominus
1381 2728 1419 2769 19
1439 2727 1710 2768 DESPENSER
1731 2723 1871 2765 tenuit
1892 2722 2004 2764 dicto
2036 2722 2105 2765 die
2135 2737 2219 2778 quo

267 2831 374 2875 obiit
394 2833 444 2872 ut
462 2828 701 2884 predictum
722 2828 785 2867 est
805 2840 879 2880 per
899 2824 1083 2866 formam
1098 2819 1343 2863 donacionis
1363 2820 1406 2860 et
1421 2815 1666 2872 particionis
1682 2813 1968 2869 predictarum
1982 2815 2078 2868 post
2094 2811 2161 2868 cuj
2166 2827 2218 2854 us

268 2925 449 2965 mortem
474 2917 664 2961 dominia
690 2920 826 2958 castra
849 2914 1040 2956 maneria
1063 2915 1174 2955 terre
1195 2914 1237 2953 et
1257 2910 1501 2952 tenementa
1528 2905 1718 2962 predicta
1742 2919 1790 2946 ac
1810 2902 1953 2946 omnia
1981 2905 2023 2945 et
2050 2902 2221 2959 singula

268 3011 470 3070 premissa
491 3024 588 3052 cum
609 3008 694 3051 suis
706 3005 975 3062 pertinentiis
989 3019 1070 3060 que
1083 3002 1298 3062 predictus
1313 2999 1502 3042 THOMAs
1516 3011 1653 3052 nuper
1666 2995 1880 3038 Dominus
1895 2994 1935 3035 19
1952 2993 2220 3036 DESPENSER
