2386 3645
1970 309 2079 351 1429

196 502 385 547 Litteras
405 504 662 547 dimissorias
691 506 911 548 reverendi
930 505 977 548 in
1009 505 1206 549 Omusro
1234 508 1369 564 patris
1398 512 1441 552 et
1473 510 1634 553 domini
1664 513 1826 555 domini
1854 513 1884 557 J
1886 528 2084 557 onANms

137 594 320 650 episcopi
340 593 680 637 LANDAVIENSIS
695 595 787 651 jam
802 596 1007 651 presentis
1019 597 1282 653 inspeximus
1302 602 1493 641 tenorem
1513 601 1585 655 qui
1603 601 1792 657 sequitur
1806 605 2079 648 continentes.

195 685 420 728 Universis
451 685 605 730 Sancte
639 687 788 728 matris
823 687 993 729 ecclesie
1029 687 1128 730 filiis
1160 689 1216 730 ad
1251 703 1355 744 quos
1386 694 1601 745 presentes
1635 691 1775 735 lit-tere
1814 696 2081 749 pervenerint

135 775 165 819 J
168 791 378 819 OHANNES
426 777 700 832 permissione
749 777 896 819 divina
944 777 1286 821 LANDAVIENSIS
1328 779 1547 836 episcopus
1591 781 1772 824 salutem
1816 784 1999 839 gratiam
2042 789 2084 828 et

138 866 488 910 benedictionem.

197 937 308 1001 Cum
337 973 474 1014 nuper
494 973 634 1001 coram
654 957 776 1001 nobis
806 959 1028 1002 actualiter
1043 959 1140 1014 jure
1160 964 1304 1003 nostro
1334 961 1547 1004 ordinario
1568 962 1840 1006 visitantibus
1868 964 1914 1006 in
1944 968 2087 1008 nostra

137 1049 384 1091 visitacione
413 1049 663 1105 hujusmodi
693 1049 913 1106 religiosos
942 1050 1054 1093 viros
1094 1051 1291 1094 abbatem
1332 1055 1374 1095 et
1404 1058 1661 1096 conventum
1690 1055 1937 1097 monasterii
1965 1056 2087 1099 beate

139 1139 300 1182 MARIE
321 1141 374 1183 de
395 1140 597 1183 MORGAN
620 1141 779 1183 ordinis
799 1140 1131 1184 CISTERCIENSIS
1152 1146 1294 1186 nostre
1325 1143 1532 1187 dioceseos
1553 1145 1609 1187 ad
1628 1147 1951 1201 proponendum
1971 1147 2088 1190 exhi-

140 1230 330 1274 bendum
360 1234 402 1273 et
433 1233 744 1274 ostendendum
774 1232 845 1288 jus
875 1248 949 1275 seu
980 1233 1158 1276 titulum
1189 1234 1223 1276 si
1253 1248 1335 1289 que
1365 1235 1571 1278 haberent
1600 1236 1646 1278 in
1678 1240 1721 1279 et
1751 1252 1876 1293 super
1909 1238 2090 1281 ecclesiis

138 1321 449 1377 parochialibus
479 1323 531 1365 de
562 1322 818 1365 PENTHLYN
851 1324 903 1366 de
931 1323 1099 1366 Avm
1132 1328 1174 1367 et
1205 1326 1257 1367 de
1290 1325 1578 1369 LANGONETH
1605 1327 1834 1384 ceterisque
1862 1328 2029 1384 juribus
2049 1332 2091 1371 et

141 1413 411 1468 pertinentiis
442 1413 652 1455 universis
676 1414 933 1470 decimisque
963 1415 1275 1470 parochialibus
1299 1431 1405 1472 quas
1432 1417 1722 1473 percipiebant
1751 1421 1793 1460 et
1823 1419 2093 1475 possidebant

137 1503 378 1559 percipiunt
405 1510 448 1546 et
478 1504 694 1559 possident
714 1505 760 1547 in
781 1505 967 1560 presenti
995 1506 1040 1548 in
1068 1512 1211 1549 nostra
1232 1507 1386 1550 diocesi
1417 1507 1736 1551 LANDAvasr
1758 1510 1860 1565 ipsis
1881 1514 1923 1552 et
1945 1525 2090 1553 eorum

140 1595 396 1637 monasterio
417 1595 463 1637 in
484 1595 675 1651 proprios
705 1611 806 1638 usus
831 1595 1071 1640 obtinentes
1101 1597 1280 1640 fecimus
1310 1613 1363 1641 ex
1391 1599 1516 1641 officii
1543 1600 1676 1642 nostri
1707 1599 1850 1643 debito
1881 1602 1936 1642 ad
1962 1605 2095 1644 certos

143 1686 258 1728 diem
288 1690 329 1728 et
350 1686 490 1729 locum
518 1687 573 1728 ad
594 1686 806 1743 judicium
836 1688 1012 1730 evocari.
1076 1688 1163 1735 Qui
1192 1689 1364 1744 quidem
1392 1690 1580 1747 religiosi
1613 1692 1691 1733 viri
1719 1692 1900 1734 termino
1932 1695 1975 1734 et
2005 1692 2095 1735 loco

143 1777 302 1819 eisdem
322 1777 572 1820 auctoritate
593 1780 737 1820 nostra
758 1779 985 1835 assignatis
1004 1780 1236 1822 secundum
1256 1780 1440 1823 formam
1461 1781 1676 1824 citacionis
1698 1782 1889 1838 ejusdem
1904 1783 2096 1839 legitime

144 1872 420 1924 conparentes
450 1884 576 1924 super
612 1869 875 1912 assecucione
911 1873 954 1912 et
985 1871 1242 1925 possessione
1264 1871 1477 1914 canonicis
1499 1873 1550 1915 de
1572 1873 1772 1928 predictis
1792 1874 1973 1916 ecclesiis
1999 1889 2096 1917 cum

145 1959 341 2002 omnibus
377 1963 419 2002 et
455 1960 638 2016 singulis
678 1961 910 2003 earundem
949 1961 1261 2017 pertinentibus
1301 1962 1402 2018 ipsis
1442 1963 1650 2020 religiosis
1684 1964 1786 2007 viris
1816 1965 2097 2020 appropriatis

144 2050 308 2093 litteras
328 2050 577 2106 apostolicas
596 2050 782 2094 bullatas
803 2066 851 2094 ac
870 2052 951 2094 loci
973 2052 1184 2094 diocesani
1197 2068 1285 2095 una
1305 2068 1401 2096 cum
1418 2054 1572 2096 litteris
1588 2055 1909 2098 confirmatoriis
1922 2056 2098 2112 capituli

142 2142 277 2184 nostri
296 2140 638 2183 LANDAVIENSIS
659 2142 802 2198 sigillo
826 2143 1034 2199 sigillatas
1054 2158 1158 2198 quas
1178 2144 1302 2199 plene
1322 2144 1584 2200 inspeximus
1605 2148 1648 2188 et
1668 2147 1836 2189 easdem
1857 2146 2098 2190 invenimus

147 2232 264 2275 omni
303 2232 409 2274 vicio
450 2235 493 2274 et
539 2231 775 2288 suspicione
816 2236 1016 2286 carentes,
1058 2249 1222 2276 necnon
1262 2234 1361 2290 jura
1396 2249 1540 2278 eorum
1576 2239 1703 2279 testes
1748 2237 2016 2279 munimenta
2055 2241 2097 2280 et

145 2324 430 2366 instrumenta
460 2338 507 2365 ac
536 2322 809 2378 probaciones
838 2324 1054 2380 legitimas
1090 2329 1132 2367 et
1162 2325 1415 2368 sufficientes
1445 2341 1570 2382 super
1604 2326 1686 2369 hiis
1715 2332 2024 2384 proposuerunt
2054 2332 2097 2371 et

146 2414 433 2458 exhibuerunt
462 2429 510 2456 ac
540 2415 834 2470 produxerunt
865 2419 907 2458 et
938 2416 1067 2458 etiam
1096 2417 1374 2459 ostenderunt
1405 2418 1461 2459 ad
1497 2417 1771 2461 fundandum
1811 2419 2096 2461 intencionem

143 2520 290 2548 eorum
324 2520 464 2548 coram
499 2505 620 2548 nobis
652 2521 700 2548 ac
719 2506 791 2561 jus
811 2510 854 2548 et
874 2506 1052 2549 titulum
1073 2506 1119 2549 in
1140 2507 1365 2563 premissiS,
1387 2507 1541 2563 quibus
1561 2509 1608 2551 in
1628 2508 1767 2551 forma
1795 2509 1904 2565 juris
1923 2525 1998 2566 per
2018 2524 2094 2552 nos

144 2596 338 2639 admissis
367 2596 468 2638 visis
491 2596 746 2639 examinatis
774 2597 940 2640 rimatis
969 2598 1137 2653 plenius
1177 2601 1220 2641 et
1253 2598 1481 2641 intellectis
1510 2599 1752 2642 invenimus
1781 2600 1966 2655 prefatos
1996 2601 2092 2643 reli-

143 2687 282 2743 giosos
301 2687 413 2730 viros
432 2702 558 2742 super
578 2687 760 2729 ecclesiis
780 2688 1005 2731 antedictis
1034 2689 1278 2745 ponderatis
1307 2690 1497 2746 undique
1527 2691 1810 2746 ponderandis
1840 2691 2093 2734 sufficienter

143 2777 273 2820 fuisse
308 2779 351 2819 et
385 2791 472 2819 esse
502 2777 690 2820 munitos
719 2777 980 2834 titulumque
1012 2779 1262 2822 canonicum
1294 2783 1337 2821 et
1369 2779 1440 2835 jus
1470 2779 1678 2822 sufficiens
1708 2780 1752 2822 in
1783 2780 1864 2822 hiis
1895 2780 2090 2824 omnibus

146 2867 335 2910 obtinere
361 2867 556 2923 ipsosque
578 2868 721 2910 omnia
748 2871 791 2910 et
812 2868 985 2924 singula
1012 2869 1215 2925 premissa
1235 2884 1310 2926 per
1329 2872 1521 2925 tempora
1541 2870 1746 2912 diuturna
1765 2869 1934 2926 pacifice
1954 2885 2093 2926 posse-

147 2958 256 3000 disse
277 2960 319 3000 et
338 2956 533 3000 habuisse
553 2958 765 3013 possidere
785 2958 997 3014 percipere
1017 2963 1060 3002 et
1080 2959 1234 3002 habere
1255 2960 1300 3002 in
1320 2960 1518 3015 presenti.
1580 2959 1712 3002 Unde
1733 2975 1809 3002 nos
1824 2960 1932 3014 juris
1948 2961 2094 3004 ordine

149 3049 223 3104 qui
249 3048 296 3091 in
326 3047 404 3091 hac
436 3052 556 3104 parte
587 3048 818 3104 requiritur
842 3049 888 3091 in
916 3049 1112 3092 omnibus
1139 3049 1358 3093 observato
1388 3065 1464 3106 pro
1488 3050 1584 3106 jure
1609 3051 1736 3092 titulo
1766 3054 1808 3093 et
1842 3052 2098 3106 possessione
