2386 3645
326 279 435 320 1580

268 485 298 529 J
300 499 487 527 OHANNE
512 516 759 526 ........
784 482 954 525 domino
984 481 1013 525 J
1016 495 1202 523 OHANNE
1232 480 1455 522 KENGFIK
1483 479 1663 521 Rectore
1693 479 1745 520 de
1772 477 1978 520 NEWTON
2006 512 2014 520 .
2044 478 2207 520 MAnoc

267 576 474 618 TAILOUR
511 608 520 617 .
554 575 709 617 DAVID
742 573 922 616 WYTHE
947 606 955 615 .
981 573 1104 614 REGE
1126 587 1180 628 ap
1201 571 1230 614 J
1233 585 1354 612 EVAN
1376 585 1429 626 ap
1452 569 1576 612 REGE
1609 603 1617 611 .
1651 568 1819 610 Tuom
1846 583 1900 624 ap
1921 568 1950 611 J
1952 582 2111 610 ANKYN
2135 602 2142 611 .
2166 571 2208 611 et

267 666 415 708 multis
436 666 541 708 aliis.

323 757 488 799 Datum
528 756 642 812 apud
682 755 903 798 KENGFIK
945 753 1140 796 vicesimo
1175 753 1312 808 primo
1353 752 1420 793 die
1461 748 1720 806 Septembris
1759 763 1872 790 anno
1912 748 2035 804 regni
2076 748 2209 804 Regis

264 847 469 890 HENRICI
490 847 599 889 sexti
619 850 714 903 post
734 848 1010 901 conquestum
1031 843 1240 886 vicesimo.

323 938 506 981 Neither
526 938 611 980 seal
631 953 710 980 nor
730 938 1036 979 endorsement.

1115 1074 1358 1118 MGLXII.

265 1187 659 1231 ENROLMENT
710 1185 788 1228 OF
837 1183 1126 1228 SEVERAL
1176 1181 1362 1224 TITLE
1413 1179 1616 1222 DEEDS
1667 1178 1958 1222 LEADING
1997 1178 2082 1220 UP
2132 1177 2208 1220 TO

408 1277 539 1320 THE
596 1275 946 1323 REOOVERY,
1005 1274 1092 1317 BY
1147 1273 1248 1317 SIR
1303 1271 1584 1315 EDWARD
1638 1269 2020 1313 STRADLYNG
2075 1269 2209 1312 AND

407 1368 582 1420 JOAN,
622 1367 728 1410 HIS
770 1366 952 1418 WIFE,
988 1366 1066 1408 OF
1106 1364 1237 1408 THE
1279 1363 1506 1406 MANOR
1547 1362 1625 1405 OF
1666 1361 1927 1404 LANFEY
1967 1360 2039 1403 IN
2080 1360 2211 1403 THE

409 1459 615 1523 OOURT
657 1459 735 1501 OF
776 1457 1048 1501 OGMORE.

1105 1547 1176 1601 [Gr.
1213 1546 1264 1588 G.
1305 1545 1379 1602 E]

1390 1638 1417 1678 4
1452 1636 1562 1679 DEc.
1625 1635 1680 1677 20
1717 1634 1842 1676 ΗΕΝ.
1878 1633 1961 1677 VI.
2026 1634 2150 1676 1441.

319 1749 393 1793 Ad
425 1749 585 1792 curiam
616 1749 668 1790 de
699 1748 892 1789 OGMORE
923 1749 1088 1788 tentam
1118 1745 1277 1787 ibidem
1299 1744 1369 1786 die
1400 1742 1525 1785 Lune
1546 1745 1697 1798 quarto
1719 1741 1788 1784 die
1819 1740 2066 1783 Decembris
2102 1755 2215 1782 anno

263 1842 386 1898 regni
417 1841 551 1897 Regis
582 1840 788 1882 HENRICI
820 1838 929 1880 sexti
960 1844 1077 1879 xx¹¹¹0¹
1118 1850 1258 1878 coram
1287 1835 1317 1878 J
1320 1848 1508 1876 OHANNE
1540 1832 1839 1874 TURBERVILE
1870 1832 2011 1873 locum
2042 1833 2214 1873 tenente

264 1932 486 1975 GILBERTI
519 1931 715 1974 GAMAGE
737 1933 840 1972 tunc
871 1928 1087 1971 senescalli
1116 1927 1276 1969 ibidem
1306 1926 1335 1968 J
1337 1939 1525 1967 OHANNE
1558 1925 1678 1966 EIRE
1702 1957 1710 1965 .
1733 1923 1763 1966 J
1766 1937 1954 1965 OHANNE
1987 1922 2214 1964 FLEMYNG

261 2026 304 2066 et
335 2022 592 2066 W1LLELMO
628 2037 681 2078 ap
713 2021 743 2064 J
747 2035 868 2063 EVAN
904 2020 1140 2063 VAUGHAN
1174 2016 1451 2060 sectatoribus
1482 2016 1675 2072 ejusdem
1707 2014 1820 2057 curie
1852 2017 1928 2056 etc.
1990 2012 2216 2056 Venerunt

263 2117 353 2156 tam
394 2114 654 2155 EDWARDUS
695 2112 963 2154 STRADLYNG
1006 2109 1128 2151 miles
1164 2111 1206 2151 et
1241 2108 1464 2151 JOHANNA
1500 2107 1644 2149 uxoris
1681 2106 1774 2162 ejus
1809 2120 1940 2161 quam
1973 2104 2218 2146 HENRICUS

267 2205 518 2248 BEAUFORD
540 2204 625 2246 Dei
647 2203 786 2258 gratia
817 2201 1056 2244 Oardinalis
1086 2199 1271 2242 ANGLOE
1292 2202 1336 2241 et
1356 2199 1573 2254 episcopus
1594 2197 1854 2240 WYNTomE
1875 2195 2133 2238 MoRGAan
2163 2210 2217 2251 ap

267 2296 297 2340 J
300 2310 459 2338 ANKYN
480 2295 644 2338 KEMYs
665 2298 708 2337 et
729 2293 918 2336 THOMAS
948 2291 1143 2334 LYDDYN
1172 2294 1215 2333 et
1234 2293 1389 2346 petunt
1416 2290 1530 2344 quod
1560 2288 1704 2331 omnia
1735 2288 1849 2330 facta
1878 2291 1920 2329 et
1950 2286 2219 2329 munimenta

267 2388 501 2443 subscripta
531 2402 607 2443 pro
639 2386 763 2428 terris
798 2388 840 2427 et
870 2383 1126 2427 tenementis
1155 2382 1202 2424 in
1234 2381 1407 2423 domino
1439 2381 1491 2422 de
1523 2379 1715 2421 OGMORE
1746 2377 2024 2419 irrotulentur
2053 2378 2099 2418 in
2136 2377 2218 2419 hiis

270 2480 410 2522 verbis
429 2495 497 2521 :—

418 2570 478 2625 (1)
514 2569 724 2611 Omnibus
775 2567 965 2609 Onms‘n
1015 2565 1210 2607 fidelibus
1259 2564 1315 2605 ad
1365 2577 1468 2618 quos
1518 2562 1732 2616 presentes
1777 2559 1899 2600 litere
1948 2557 2220 2613 pervenerint

357 2661 598 2704 HEchns
622 2659 874 2701 BEAUFORD
905 2657 989 2699 Dei
1017 2656 1156 2713 gratia
1187 2653 1428 2697 Cardinalis
1452 2651 1637 2694 ANGLm
1659 2654 1702 2693 et
1722 2650 1939 2706 episcopus
1961 2648 2219 2693 WYNTomE

355 2751 611 2794 MORGANUs
650 2765 704 2806 ap
739 2749 930 2792 JANKYN
967 2747 1130 2790 KEMYs
1171 2748 1214 2788 et
1254 2744 1444 2787 THOMAS
1485 2742 1679 2785 LYDDYN
1721 2742 1902 2783 salutem
1941 2740 1986 2782 in
2027 2739 2217 2782 Domino

357 2843 670 2898 sempiternam.
734 2840 844 2883 Cum
877 2839 1136 2881 EDWARDUS
1169 2836 1437 2880 STRADLYNG
1467 2835 1590 2877 miles
1614 2849 1751 2889 nuper
1780 2832 1902 2875 nobis
1932 2831 2096 2874 dederit
2124 2845 2221 2873 con-

357 2933 524 2976 cesserit
544 2936 587 2975 et
605 2947 682 2988 per
702 2934 861 2974 cartam
883 2945 1002 2972 suam
1032 2929 1304 2971 indentatum
1335 2925 1646 2969 confirmaverit
1677 2923 1916 2966 manerium
1946 2923 1998 2964 de
2026 2921 2219 2963 LANFEY

355 3039 451 3067 cum
486 3022 758 3080 pertinenciis
792 3021 908 3064 infra
940 3020 1178 3063 dominium
1210 3019 1263 3061 de
1297 3018 1490 3060 OGMORE
1527 3019 1605 3059 etc.
1628 3015 1874 3058 habendum
1909 3016 1952 3056 et
1984 3013 2219 3055 tenendum
