2386 3645
308 270 420 313 1546

240 478 365 521 uxori
385 478 475 533 ejus
495 478 580 520 filie
601 476 781 532 predicti
804 476 834 520 J
837 490 1036 518 OHANNIS
1053 474 1183 517 sorori
1198 475 1384 530 predicte
1399 475 1422 516 J
1429 487 1617 516 OHANNE
1633 473 1860 515 heredibus
1892 476 1936 515 et
1967 472 2194 528 assignatis

241 569 328 612 suis
347 569 662 625 imperpetuum
682 570 822 610 totum
843 567 914 623 jus
944 569 1136 608 nostrum
1157 568 1200 608 et
1230 567 1438 607 clameum
1469 579 1598 619 quam
1628 564 1855 606 habuimus
1888 563 2093 606 habemus
2122 579 2197 606 8011

244 660 518 715 quovismodo
538 659 693 702 habere
714 658 945 714 poterimus
965 658 1011 699 in
1032 657 1228 699 futurum
1248 656 1295 698 in
1317 659 1563 712 purpartem
1584 660 1772 697 nostram
1787 656 1839 696 de
1855 658 1945 697 tota
1960 655 2036 697 illa
2051 655 2196 711 placea

245 767 342 794 cum
372 751 566 794 domibus
597 759 639 793 et
669 751 844 793 edificiis
876 752 1022 792 vocata
1061 749 1101 791 le
1141 748 1326 791 NASSHE
1370 763 1465 790 cum
1505 748 1628 790 terris
1659 747 1809 789 clausis
1850 751 1892 788 et
1931 746 2114 802 pasturis
2155 748 2198 788 et

246 842 442 885 omnibus
472 842 566 884 aliis
596 842 945 897 qualitercunque
976 839 1270 896 adjacentibus
1306 840 1393 882 sive
1427 837 1740 894 pertinentibus
1769 838 1815 879 in
1851 837 2039 879 dominio
2073 840 2116 879 et
2150 837 2198 879 in

243 933 443 989 parochia
465 933 517 975 de
538 932 759 974 LANDAFF
782 931 909 973 simul
930 946 1026 973 cum
1047 930 1242 972 omnibus
1263 930 1349 971 illis
1370 930 1493 972 terris
1516 934 1557 972 et
1578 929 1832 972 tenementis
1848 929 1999 970 clausis
2014 928 2198 984 pasturis

246 1027 289 1067 et
304 1024 501 1066 omnibus
514 1024 608 1065 aliis
621 1023 708 1065 suis
725 1021 1036 1078 pertinentibus
1048 1021 1093 1062 in
1109 1021 1299 1063 dominio
1315 1022 1367 1062 de
1381 1020 1699 1063 LANGTWYTTE
1717 1024 1758 1062 et
1774 1020 1819 1062 in
1836 1020 1961 1062 feodo
1975 1020 2199 1062 comitatus

247 1116 300 1158 de
322 1115 507 1158 CARDEF
539 1116 594 1156 ad
625 1114 783 1156 dictam
812 1113 1002 1169 placeam
1032 1112 1084 1154 de
1115 1113 1156 1154 le
1188 1111 1372 1153 NASSHE
1402 1111 1597 1154 similiter
1627 1111 1914 1167 spectantibus
1944 1126 2025 1166 que
2056 1111 2200 1153 omnia

248 1207 466 1262 quondam
487 1206 663 1247 fuerunt
693 1204 872 1260 predicti
902 1203 1135 1246 JOHANNIS
1167 1202 1316 1245 GYLES
1346 1203 1480 1257 patris
1508 1203 1695 1258 predicte
1726 1202 1944 1245 JOHANNE
1975 1205 2019 1243 et
2049 1201 2199 1244 THEO-

246 1312 392 1340 BALDE
425 1305 467 1339 et
497 1312 579 1352 que
610 1297 664 1338 ad
695 1295 933 1351 predictum
966 1294 1223 1336 HENRICUM
1258 1297 1302 1335 et
1337 1293 1595 1336 JOHANNEM
1636 1294 1732 1349 jure
1773 1293 2028 1335 hereditario
2067 1293 2201 1349 ipsius

246 1388 466 1432 JOHANNE
507 1403 583 1444 pro
623 1389 824 1443 purparte
865 1401 941 1428 sua
976 1386 1228 1427 descendere
1269 1384 1454 1427 deberet.
1532 1384 1605 1427 Ita
1644 1386 1759 1440 quod
1798 1399 1876 1426 nec
1911 1400 1987 1426 nos
2021 1384 2201 1440 predicti

245 1480 490 1522 HENRICUS
512 1481 554 1521 et
574 1478 603 1521 J
606 1492 795 1520 OHANNA
816 1493 890 1519 seu
910 1476 1085 1519 heredes
1105 1477 1238 1518 nostri
1259 1491 1336 1518 nec
1357 1476 1510 1532 aliquis
1530 1476 1640 1518 alius
1660 1476 1832 1518 nomine
1862 1480 2005 1518 nostro
2036 1476 2198 1531 aliquid

245 1571 353 1628 juris
374 1585 448 1613 seu
469 1569 619 1612 clamei
638 1583 714 1624 pro
734 1570 937 1625 purparte
957 1571 1102 1610 nostra
1133 1568 1185 1610 de
1215 1567 1405 1623 predicta
1436 1568 1580 1623 placea
1610 1583 1706 1610 cum
1737 1567 1932 1610 domibus
1963 1570 2005 1609 et
2026 1567 2201 1609 edificiis

247 1677 344 1705 cum
373 1662 495 1704 terris
526 1661 676 1703 clausis
707 1662 750 1703 et
779 1659 962 1715 pasturis
993 1662 1034 1701 et
1063 1659 1259 1702 omnibus
1289 1658 1384 1700 aliis
1415 1659 1764 1714 qualitercunque
1794 1658 2085 1714 adjacentibus
2115 1658 2202 1700 sive

249 1752 562 1809 pertinentibus
583 1753 627 1794 in
648 1752 838 1807 predicta
859 1750 1057 1806 parochia
1078 1753 1120 1792 et
1141 1750 1329 1792 dominio
1351 1751 1404 1792 de
1425 1749 1618 1792 LANDAF
1639 1750 1767 1792 simul
1787 1765 1884 1792 cum
1900 1750 2097 1793 omnibus
2116 1750 2202 1792 illis

246 1845 369 1887 terris
399 1848 441 1886 et
472 1832 726 1886 tenementis
757 1843 908 1885 clausis
939 1845 982 1884 et
1011 1842 1200 1898 pasturis
1231 1856 1327 1883 cum
1357 1841 1555 1884 omnibus
1584 1841 1679 1884 aliis
1709 1842 1794 1883 suis
1823 1841 2136 1897 pertinentibus
2155 1841 2202 1883 in

251 1936 440 1978 dominio
481 1936 534 1977 de
569 1934 858 1977 LANGTWYTT
899 1934 1176 1989 imposterum
1216 1933 1387 1988 exigere
1427 1933 1495 1975 vel
1534 1932 1757 1975 vendicare
1805 1932 2038 1988 poterimus
2079 1966 2087 1973 .
2131 1932 2206 1974 Set

253 2026 306 2069 ab
349 2026 464 2068 omni
505 2026 670 2068 accione
710 2025 819 2080 juris
858 2039 933 2080 pro
988 2026 1190 2080 purparte
1241 2026 1385 2065 nostra
1435 2024 1487 2065 de
1538 2023 1652 2064 dicta
1689 2023 1835 2078 placea
1874 2038 1970 2065 cum
2011 2022 2207 2065 domibus

247 2120 290 2161 et
331 2117 506 2159 edificiis
541 2131 637 2159 cum
675 2116 798 2158 terris
837 2115 989 2158 clausis
1044 2118 1086 2157 et
1137 2115 1321 2170 pasturis
1376 2117 1419 2157 et
1469 2113 1666 2156 omnibus
1719 2114 1813 2156 aliis
1853 2113 2202 2169 qualitercunque

255 2207 552 2265 adjacentibus
593 2208 678 2249 sive
718 2205 1030 2262 pertinentibus
1069 2206 1116 2247 in
1155 2205 1344 2261 predicto
1380 2205 1568 2247 dominio
1605 2208 1646 2247 et
1681 2204 1880 2260 parochia
1919 2205 1972 2247 de
2012 2204 2205 2247 LANDAF

253 2299 381 2341 simul
401 2314 497 2340 011111
519 2297 714 2340 omnibus
735 2297 857 2340 terris
877 2300 919 2339 et
938 2297 1192 2339 tenementis
1214 2297 1365 2339 clausis
1386 2300 1429 2338 et
1458 2296 1641 2352 pasturis
1671 2311 1767 2337 cum
1789 2295 1985 2338 omnibus
2005 2295 2099 2337 aliis
2119 2296 2205 2337 suis

257 2389 569 2445 pertinentibus
590 2388 636 2430 in
657 2388 845 2430 dominio
876 2389 928 2430 de
958 2387 1213 2430 LANTWYTT
1243 2390 1293 2429 ut
1322 2387 1561 2443 predictum
1581 2388 1644 2428 est
1664 2386 1940 2442 imposterum
1960 2385 2206 2428 habendum

258 2495 403 2523 sumus
423 2480 582 2522 exclusi
602 2494 677 2535 per
696 2482 924 2534 presentes.
987 2478 1043 2520 In
1065 2478 1183 2534 cujus
1210 2478 1272 2520 rei
1301 2478 1594 2520 testimonium
1614 2477 1879 2533 presentibus
1900 2477 2043 2533 sigilla
2062 2480 2207 2519 nostra

259 2571 545 2627 apposuimus.

318 2662 436 2704 Data
456 2662 570 2717 apud
590 2660 828 2704 SHIRBORN
848 2660 1087 2716 predictum
1107 2660 1153 2702 in
1173 2660 1283 2702 festo
1303 2659 1588 2702 convercionis
1612 2658 1759 2702 Sancti
1779 2659 1927 2702 PAULI
1952 2674 2065 2702 anno
2084 2659 2208 2715 regni

260 2753 396 2809 Regis
415 2753 622 2795 HENRICI
643 2753 751 2795 sexti
770 2756 866 2807 post
886 2754 1163 2807 conquestum
1183 2751 1357 2793 decimo.

318 2843 410 2887 The
425 2846 509 2886 two
531 2844 637 2886 seals
656 2843 764 2885 have
786 2843 892 2885 been
911 2846 1010 2885 torn
1030 2843 1142 2885 from
1163 2842 1235 2884 the
1256 2841 1401 2884 labels.

319 2934 398 2965 This
413 2934 491 2963 deed
506 2934 602 2963 much
617 2934 789 2963 resembles
805 2934 877 2962 that
893 2935 924 2963 os
950 2934 1034 2963 1431.
1075 2933 1126 2971 By
1149 2933 1174 2962 it
1196 2933 1309 2971 Henry
1332 2932 1428 2962 Short
1450 2932 1483 2961 of
1507 2931 1643 2962 Wotton
1664 2932 1708 2970 by
1730 2931 1909 2962 Sherborne
1931 2932 1964 2961 in
1986 2932 2112 2970 Dorset,
2132 2933 2197 2962 and

267 2989 289 3019 J
292 2999 354 3019 can
370 2989 420 3018 his
436 2989 521 3027 wife,
535 2998 659 3027 convey
674 2992 709 3018 to
725 2989 839 3018 Howel
855 2988 959 3018 Carne
973 2989 1037 3018 and
1053 2988 1240 3018 Theobalda
1255 2988 1304 3016 his
1321 2987 1405 3025 wife,
1421 2987 1504 3017 their
1518 2990 1674 3026 property
1690 2987 1722 3017 in
1738 2987 1793 3017 the
1808 2987 1925 3017 houses
1947 2988 2011 3017 and
2032 2988 2196 3026 buildings

268 3046 390 3076 known
404 3054 440 3075 as
455 3045 517 3075 ‘Le
534 3044 681 3083 Nasche‚'
698 3045 777 3074 with
792 3045 886 3074 lands
900 3045 1053 3075 attached
1068 3044 1100 3073 in
1116 3044 1173 3074 the
1193 3043 1346 3082 adjacent
1366 3043 1478 3082 pai-ish
1499 3044 1532 3073 of
1554 3043 1722 3073 Llantwit.
1762 3043 1785 3073 J
1788 3052 1849 3073 oan
1870 3044 1935 3073 and
1950 3043 2146 3082 Theobalda,
2162 3054 2198 3074 as
