2386 3645
289 309 400 350 1360

1113 581 1287 625 MLVI.

228 689 485 733 THOMAS
536 689 893 742 RUSHOOKE,
934 689 1164 732 BISHOP
1205 688 1283 731 OF
1330 686 1688 739 LLANDAFF,
1729 685 1991 730 REOITES
2031 687 2173 731 LET-

371 779 526 823 TERS
587 780 665 823 OF
726 780 883 823 POPE
944 779 1169 822 URBAN
1225 777 1321 828 VI.‚
1379 776 1596 820 DATED
1657 778 1712 819 29
1768 776 1976 830 APRIL,
2034 779 2171 831 1384;

368 872 503 915 AND
544 871 994 915 AOOORDINGLY
1043 869 1278 913 UNITES
1327 868 1462 912 AND
1513 868 1988 911 INOORPORATES
2039 869 2170 912 THE

370 963 605 1006 PARISH
657 962 924 1006 GHURGH
974 961 1053 1003 OF
1104 959 1366 1003 PENLYN
1416 959 1596 1004 WITH
1647 959 1778 1002 THE
1828 959 2044 1002 ABBEY
2094 959 2173 1003 OF

369 1052 659 1096 MARGAM.

930 1125 1160 1182 [MARGAM
1202 1122 1459 1180 CHARTER.]
1561 1125 1587 1165 2
1618 1123 1725 1167 JAN.
1789 1125 1901 1166 1384
1935 1123 2108 1181 [1385]

281 1234 505 1277 Universis
540 1234 694 1277 Sancte
728 1234 875 1276 matris
910 1233 1078 1275 ecclesie
1114 1232 1213 1274 filiis
1244 1234 1459 1288 presentes
1490 1231 1655 1274 litteras
1690 1232 1944 1288 inspecturis
1980 1232 2170 1275 THoMAs

221 1325 494 1381 permissione
516 1325 662 1368 divina
681 1324 1001 1367 LANDAVENSIS
1023 1323 1240 1378 episcopus
1260 1323 1441 1365 salutem
1461 1322 1507 1364 in
1528 1337 1577 1364 eo
1598 1322 1672 1378 qm·
1692 1325 1756 1365 est
1776 1338 1875 1365 vera
1897 1323 2021 1365 salus.

278 1415 466 1458 Litteras
493 1415 745 1458 sanctissimi
764 1415 810 1457 in
842 1414 1038 1457 OHmsTo
1061 1413 1195 1470 patris
1220 1416 1263 1455 et
1283 1413 1446 1455 domini
1465 1413 1599 1455 nostri
1620 1413 1785 1455 domini
1808 1412 2000 1455 URBANI
2022 1413 2170 1456 divina

221 1506 488 1562 providentia
518 1506 635 1562 Pape
665 1506 774 1548 sexti
794 1505 888 1561 ejus
908 1519 1007 1547 vera
1027 1504 1145 1547 bulla
1165 1503 1365 1560 plumbea
1387 1519 1483 1546 cum
1510 1503 1594 1546 filis
1615 1503 1785 1560 canapis
1815 1518 1931 1546 more
1964 1503 2165 1546 ROMANE

220 1597 333 1640 curie
353 1596 537 1640 bullatas
557 1612 679 1639 sanas
699 1597 887 1652 integras
908 1598 949 1638 et
971 1596 1088 1638 omni
1108 1595 1343 1651 suspicione
1364 1597 1553 1637 carentes
1573 1594 1695 1637 nobis
1716 1609 1792 1651 per
1807 1597 1971 1650 partem
1992 1595 2163 1651 religio-

221 1702 361 1730 sorum
388 1687 575 1730 virorum
605 1687 770 1730 abbatis
790 1690 833 1730 et
853 1689 1085 1729 conventus
1105 1686 1349 1728 monasterii
1369 1685 1492 1728 beate
1513 1685 1672 1727 MARIE
1694 1686 1746 1728 de
1778 1685 1982 1728 Momm
2004 1685 2170 1728 ordinis

219 1777 549 1821 CISTERCIENSIS
583 1781 724 1821 nostre
759 1778 967 1820 dioceseos
1003 1780 1265 1833 presentatas
1295 1792 1390 1819 oum
1426 1792 1475 1818 ea
1511 1791 1595 1832 qua
1630 1777 1772 1819 decuit
1804 1776 2043 1819 reverencia
2084 1791 2163 1818 nos

218 1870 421 1925 recepisse
442 1869 642 1911 noveritis
662 1872 852 1911 tenorem
873 1869 947 1924 qui
968 1868 1158 1924 sequitur
1179 1868 1455 1911 continentes.

275 1960 498 2002 URBANUS
520 1960 736 2015 episcopus
757 1974 899 2001 servus
920 1974 1135 2002 servorum
1156 1958 1240 2000 Dei
1256 1957 1489 2000 venerabili
1507 1957 1632 2000 fratri
1649 1958 1840 2013 episcopo
1863 1957 2167 2000 LANDAVENSI

220 2051 401 2094 salutem
422 2054 464 2093 et
485 2051 756 2106 apostolicam
776 2051 1126 2093 benedictionem.

273 2141 398 2184 Sacre
430 2141 649 2198 religionis
676 2141 753 2184 sub
783 2157 866 2197 qua
895 2142 1039 2184 dilecti
1067 2142 1177 2183 filii.
1203 2176 1210 2184 .
1245 2141 1374 2184 abbas
1405 2143 1446 2183 et
1476 2143 1707 2183 conventus
1738 2141 1981 2183 monasterii
2013 2139 2166 2184 Sancte

215 2232 375 2275 MAnm
406 2233 458 2274 de
490 2231 689 2274 MORGAN
727 2232 1057 2275 CISTERCIENSIS
1093 2232 1253 2274 ordinis
1289 2231 1610 2274 LANDAVENSIS
1646 2231 1854 2274 dioceseos
1889 2232 2090 2274 devotum
2121 2234 2164 2274 et

219 2323 413 2366 sedulum
434 2323 637 2365 exhibent
658 2324 829 2366 domino
849 2323 1107 2366 famulatum
1128 2325 1392 2379 promeretur
1410 2322 1607 2365 honestas
1624 2355 1633 2364 .
1653 2325 1702 2364 ut
1722 2322 2004 2378 peticionibus
2020 2337 2166 2365 eorum

218 2414 264 2456 in
298 2414 382 2457 hiis
413 2414 634 2470 presertim
666 2429 740 2470 per
761 2416 875 2470 quod
896 2415 1027 2458 statui
1048 2417 1090 2457 et
1106 2413 1477 2457 commoditatibus
1496 2414 1684 2470 ipsorum
1701 2414 1945 2456 consulatur
1960 2417 2170 2469 quantum

219 2520 317 2548 cum
338 2504 432 2548 Deo
453 2520 673 2561 possumus
704 2521 942 2548 annuamus
963 2540 972 2549 .
997 2505 1108 2548 Sane
1129 2505 1321 2548 exhibita
1340 2505 1462 2548 nobis
1478 2520 1553 2560 pro
1569 2507 1689 2561 parte
1706 2504 1916 2546 dictorum
1938 2504 2103 2547 abbatis
2123 2507 2166 2547 et

218 2598 449 2638 conventus
469 2595 622 2651 peticio
643 2596 886 2639 continebat
907 2597 1021 2652 quod
1041 2596 1143 2638 olim
1163 2596 1272 2638 bone
1288 2596 1488 2638 memorie
1511 2595 1726 2637 Rocssncs
1743 2595 1962 2650 episcopus
1982 2594 2166 2637 LANDA-

220 2701 374 2729 VENSIS
394 2687 659 2742 predecessor
679 2689 777 2729 tuus
798 2687 868 2742 pio
890 2690 1053 2730 attento
1076 2688 1189 2742 quod
1214 2701 1310 2729 cum
1330 2686 1635 2728 monasterium
1656 2685 1796 2741 ipsum
1819 2686 1933 2741 quod
1952 2685 1998 2727 in
2019 2686 2171 2728 itinere

216 2777 385 2833 publico
416 2777 546 2819 situm
574 2780 637 2819 est
661 2778 732 2833 pia
761 2778 991 2834 largicione
1023 2778 1214 2820 fidelium
1242 2777 1392 2819 fuisset
1413 2777 1635 2832 opulenter
1656 2777 1852 2819 dotatum
1873 2776 1918 2818 in
1941 2791 1988 2818 eo
2010 2791 2169 2831 magna

209 2868 477 2923 hospitalitas
507 2868 706 2911 continue
733 2868 958 2911 tenebatur
985 2870 1028 2911 et
1059 2870 1172 2924 quod
1201 2869 1449 2923 plerumque
1478 2867 1766 2921 contingebat,
1790 2867 1842 2910 ob
1867 2867 2158 2923 frequenciam

215 2961 305 3001 tam
326 2959 510 3001 divitum
531 2974 660 3015 quam
676 2974 912 3015 pauperum
933 2960 987 3002 acl
1008 2960 1170 3001 dictum
1191 2959 1495 3001 monasterium
1512 2958 1822 3001 confluencium
1837 2957 1950 3013 ipsos
1967 2957 2165 3000 abbatem

214 3052 257 3091 et
288 3053 545 3092 conventum
573 3050 669 3105 plus
698 3050 868 3106 gravari
895 3065 1024 3106 quam
1054 3049 1145 3106 pati
1166 3053 1349 3105 possent,
1372 3052 1414 3091 et
1435 3050 1550 3105 quod
1571 3052 1681 3091 terre
1701 3051 1743 3091 et
1764 3048 2043 3104 possessiones
2064 3048 2168 3090 dicti
