2386 3645
280 252 391 293 1308

1079 570 1308 614 MXXIV.

221 681 642 725 OONVEYANOE
679 680 750 723 IN
784 681 933 723 TAIL
963 680 1140 722 MALE
1182 680 1268 722 BY
1301 677 1556 721 THOMAS
1593 675 1932 728 EXOESTRE,
1970 674 2158 718 OHAP-

364 771 536 823 LAIN,
591 771 667 813 ΤΟ
726 771 1013 814 RIOHARD
1069 769 1411 820 SCURLAGE,
1463 767 1541 809 OF
1591 766 1722 809 THE
1773 765 2031 809 MANORS
2082 765 2161 809 OF

364 861 936 905 SCURLAGS-OASTLE
973 861 1104 904 AND
1140 859 1362 902 BURRY
1403 857 1525 900 FOR
1566 857 1715 899 LIFE
1756 856 1932 901 WITH
1967 856 2162 899 SPECI-

363 954 514 996 FIED
566 952 980 995 REMAINDERS
1030 952 1164 994 AND
1216 949 1624 994 REVERSIONS.

931 1059 1163 1116 [MARGAM
1196 1056 1453 1113 CHARTER.]

1312 1165 1365 1206 12
1396 1163 1513 1206 Nov.
1576 1165 1629 1205 35
1663 1163 1790 1205 Enw.
1824 1163 1915 1206 III.
1980 1164 2104 1205 1361.

275 1275 420 1318 Sciant
452 1291 492 1331 p.
528 1278 569 1317 et
593 1276 624 1317 f.
652 1276 765 1331 quod
799 1290 876 1331 ego
905 1274 1094 1316 THOMAs
1127 1273 1361 1314 EXCESTRE
1399 1272 1642 1327 capellanus
1670 1272 1768 1314 dedi
1794 1271 1976 1314 concessi
2013 1274 2054 1313 et
2086 1271 2166 1313 hac

215 1367 401 1422 presenti
430 1369 543 1408 carta
570 1381 665 1407 mea
689 1365 932 1408 confirmavi
960 1365 1165 1407 RmARno
1186 1363 1392 1405 SCURLAG
1419 1363 1473 1404 ad
1500 1363 1731 1404 terminum
1762 1363 1849 1404 vite
1875 1377 1948 1404 sue
1970 1362 2160 1404 maneria

215 1458 267 1498 de
295 1456 701 1499 SCURLAGISCASTEL
737 1459 778 1498 et
813 1456 976 1497 BURRY
1014 1470 1110 1497 cum
1137 1453 1394 1496 molendinis
1433 1453 1566 1496 boscis
1607 1453 1740 1509 pratis
1767 1457 1809 1495 et
1845 1453 2044 1495 omnibus
2076 1453 2163 1495 suis

214 1547 480 1590 libertatibus
511 1551 553 1589 et
585 1547 854 1602 pertinenciis
887 1581 894 1588 .
929 1546 1042 1588 Dedi
1078 1546 1210 1588 eciam
1245 1548 1289 1587 et
1329 1545 1510 1587 concessi
1550 1545 1688 1586 eidem
1730 1545 1938 1586 RICARDo
1978 1544 2170 1586 dominia

212 1639 402 1680 redditus
427 1641 469 1679 et
499 1638 674 1680 servicia
701 1637 891 1679 omnium
918 1637 1146 1679 liberorum
1177 1636 1421 1678 tenencium
1454 1637 1685 1678 eorundem
1717 1635 2004 1677 maneriorum
2033 1635 2165 1677 simul

213 1744 309 1771 cum
328 1728 635 1770 reversionibus
664 1728 853 1770 omnium
879 1731 1087 1770 terrarum
1113 1730 1156 1769 et
1180 1730 1520 1769 tenementorum
1551 1727 1792 1768 eorundem
1819 1726 2063 1768 tenencium
2090 1741 2172 1781 que

213 1823 306 1875 post
338 1820 550 1861 decessum
579 1834 724 1860 eorum
754 1818 882 1860 michi
911 1821 953 1860 et
984 1818 1211 1860 heredibus
1245 1818 1350 1860 meis
1379 1834 1431 1860 ex
1465 1819 1576 1860 dono
1606 1820 1648 1860 et
1675 1817 1941 1859 concessione
1974 1817 2170 1873 ejusdem

216 1910 410 1952 RmARm
442 1910 596 1951 reverti
624 1909 825 1951 deberent
842 1944 849 1952 .
877 1909 967 1966 [ut]
988 1912 1238 1952 remaneant
1258 1910 1396 1951 eidem
1419 1909 1624 1951 RICARDO
1645 1910 1699 1950 ad
1722 1909 1953 1950 terminum
1974 1909 2061 1950 vite
2082 1924 2168 1950 sue.

217 2000 415 2042 Preterea
446 2001 544 2042 dedi
576 2003 618 2042 et
653 2001 833 2042 concessi
866 2001 1003 2042 eidem
1037 2000 1242 2042 RICARDO
1278 2001 1437 2057 viginti
1477 2003 1660 2056 quatuor
1695 2015 1811 2042 acras
1847 2002 1955 2042 terre
1996 2003 2166 2042 vocatas

217 2090 282 2133 Le
303 2091 564 2134 WYTELEYE
594 2091 720 2132 simul
749 2091 936 2146 jacentes
964 2092 1009 2133 in
1037 2091 1162 2133 feodo
1193 2093 1245 2133 de
1273 2091 1561 2133 Pommmm.
1623 2090 1737 2132 Dedi
1763 2091 1896 2132 eciam
1926 2093 1967 2132 et
1989 2091 2171 2132 concessi

221 2181 358 2223 eidem
400 2181 603 2222 RICARDO
643 2181 799 2236 viginti
840 2182 993 2223 solidos
1042 2182 1176 2224 annui
1215 2182 1408 2224 redditus
1452 2181 1742 2237 percipiendos
1782 2181 1828 2222 in
1869 2180 1978 2223 fest-o
2020 2180 2169 2223 Sancti

222 2272 480 2314 ΜῙΟΗΑΕΙᾸΞ
508 2272 730 2314 annuatim
755 2273 807 2313 de
839 2272 989 2315 abbate
1022 2274 1074 2315 de
1106 2273 1307 2315 MORGAN
1341 2275 1384 2315 et
1424 2273 1509 2314 suis
1543 2272 1847 2314 successoribus
1882 2277 2084 2314 exeuntes
2120 2273 2172 2314 de

228 2363 416 2404 manerio
457 2363 508 2404 de
548 2362 783 2404 LANGEWY
822 2363 868 2404 in
897 2364 1101 2406 comitatu
1134 2366 1186 2406 de
1216 2364 1516 2406 GLAMORGAN.
1597 2363 1711 2405 Dedi
1752 2364 1882 2404 etiam
1918 2365 1960 2404 et
1992 2362 2174 2405 concessi

227 2454 363 2496 eidem
386 2453 588 2495 Rmfflno
608 2454 806 2495 undecim
827 2454 1027 2496 solidatas
1053 2455 1244 2496 redditus
1266 2455 1490 2497 annuatim
1517 2454 1809 2510 percipiendas
1830 2454 1874 2495 in
1897 2454 2006 2496 festo
2028 2453 2174 2496 Sancti

229 2543 486 2585 MmHAELIs
512 2543 564 2584 de
589 2542 757 2585 THOMA
785 2543 957 2596 BENET,
991 2544 1196 2587 R1cARDo
1224 2545 1468 2597 ΒΕΜΟΠΝῙ),
1491 2548 1533 2587 et
1554 2545 1709 2587 DAVID
1738 2544 1951 2588 WERYNG
1974 2547 2178 2587 exeuntes

229 2636 281 2676 de
307 2635 429 2676 terris
460 2636 502 2675 et
529 2634 781 2675 tenementis
809 2636 1036 2676 eorundem
1066 2636 1308 2678 tenencium
1333 2636 1573 2692 jacentibus
1593 2636 1639 2677 in
1659 2635 1784 2677 feodo
1805 2637 1858 2677 de
1884 2635 2173 2678 REYNWARD-

234 2739 356 2767 1sTON
398 2725 524 2780 juxta
565 2739 729 2766 crucem
768 2725 1006 2780 palmarum
1046 2727 1099 2769 de
1139 2726 1429 2769 LANGENYTH
1458 2727 1586 2768 simul
1617 2741 1712 2769 cum
1744 2726 1949 2768 fidelitate
1979 2726 2179 2769 dominiis

234 2815 416 2858 serviciis
445 2815 615 2856 wardiis
638 2815 805 2857 releviis
833 2816 1036 2859 eschaetis
1069 2816 1241 2859 herietis
1276 2819 1505 2860 eorundem
1532 2817 1775 2859 tenencium
1807 2832 1902 2859 cum
1935 2817 2175 2860 acciderint.

228 2906 426 2948 Preterea
455 2905 554 2947 dedi
581 2908 623 2947 et
651 2906 832 2948 concessi
861 2907 999 2948 eidem
1025 2907 1227 2950 RICARDO
1255 2923 1387 2950 unam
1408 2908 1561 2950 turrim
1583 2909 1698 2963 apud
1722 2906 1964 2949 SWEYles'
1986 2910 2178 2950 vocatam

233 2997 500 3039 BOKYNHAM
529 2995 657 3038 Tomz
685 2999 726 3038 et
757 2998 841 3039 duo
868 3001 1112 3040 tenementa
1142 2998 1369 3041 existentia
1395 2998 1511 3040 infra
1539 2997 1717 3041 ballium
1744 2998 1843 3039 ville
1869 2998 2108 3053 supradicte
2128 2998 2181 3040 de
