2386 3645
1918 296 2027 338 1261

960 690 1273 735 DGOCOXOI.

148 795 364 840 GRANT
417 795 504 838 BY
557 795 750 839 HUGH
803 796 886 839 LE
936 797 1315 851 DESPENSER,
1356 799 1524 843 L-ORD
1573 801 1651 844 OF
1692 802 2086 847 GLAMORGAN

288 886 422 929 AND
473 886 755 939 MORGAN,
808 887 886 930 OF
938 888 1104 931 FREE
1145 889 1429 933 WARREN
1468 891 1541 934 IN
1591 892 1793 935 THEIR
1832 893 2088 938 RABBIT-

289 977 573 1020 WARREN
623 978 702 1020 OF
751 978 1014 1023 BERWES
1070 979 1169 1035 (ΟΕ
1214 980 1344 1023 THE
1387 981 1732 1036 BURROWS),
1773 983 2087 1028 BETWEEN

290 1067 421 1110 THE
482 1067 745 1112 WATERS
797 1069 875 1111 OF
924 1069 1144 1113 AVENE
1193 1071 1327 1114 AND
1379 1072 1636 1126 KENFIG,
1687 1073 1762 1116 ΤΟ
1813 1074 2090 1118 MARGAM

287 1159 516 1202 ABBEY.

862 1267 1093 1324 [MARGAM
1125 1269 1380 1327 CHARTER]

1268 1378 1322 1419 16
1344 1377 1453 1419 FER.
1518 1379 1570 1420 18
1591 1378 1720 1421 Enw.
1752 1379 1843 1422 HI.
1907 1380 2031 1422 1344.

199 1482 342 1524 HUGo
369 1482 409 1524 le
439 1482 707 1524 DESPENSER
737 1483 935 1525 dominus
967 1483 1254 1527 GLAMORGAN
1285 1489 1327 1526 et
1357 1485 1644 1528 MORGANNOG
1675 1486 1871 1529 omnibus
1902 1486 2090 1530 GHR1ST1

141 1573 338 1616 fidelibus
358 1577 596 1629 presentem
618 1576 777 1616 cartam
797 1574 1050 1630 inspecturis
1070 1575 1263 1617 salutem.

198 1663 350 1706 Sciatis
385 1679 462 1706 nos
494 1665 546 1706 de
576 1664 717 1720 gratia
751 1668 896 1707 nostra
924 1665 1094 1721 speciali
1129 1666 1291 1708 dedisse
1319 1666 1564 1709 concessisse
1597 1669 1639 1708 et
1665 1666 1744 1708 hac
1771 1667 1956 1722 presenti
1977 1670 2092 1710 carta

139 1757 286 1797 nostra
306 1754 573 1797 confirmasse
594 1755 758 1797 dilectis
774 1755 896 1798 nobis
912 1756 957 1797 in
982 1757 1177 1798 CHRISTO
1199 1756 1342 1798 abbati
1359 1761 1400 1798 et
1421 1757 1648 1798 conventui
1663 1757 1716 1798 Β.
1732 1756 1792 1799 Μ.
1810 1757 1861 1799 de
1881 1756 2086 1800 MARGAN

137 1846 318 1889 liberam
347 1861 614 1888 warrennam
642 1861 717 1902 per
746 1849 886 1889 totum
917 1847 1225 1889 cunicularium
1254 1863 1376 1889 suum
1407 1848 1459 1889 de
1490 1847 1685 1889 BERWES
1714 1847 1826 1889 inter
1855 1863 2010 1903 aquam
2039 1848 2093 1891 de

137 1936 307 1980 AVENE
329 1941 371 1979 et
401 1952 556 1993 aquam
587 1938 639 1979 de
669 1936 899 1980 KENEFEG
930 1938 976 1980 in
1006 1942 1126 1994 parte
1158 1938 1406 1980 occidentali
1435 1953 1567 1993 usque
1598 1938 1652 1979 ad
1681 1953 1796 1980 mare
1821 1942 1864 1981 et
1893 1938 2000 1981 sicut
2020 1939 2091 1981 via

137 2028 296 2085 regalis
316 2044 358 2071 se
380 2029 573 2071 extendit
593 2029 645 2071 de
675 2029 779 2071 villa
809 2030 861 2071 de
891 2029 1059 2071 Avmss
1090 2030 1144 2071 ad
1174 2029 1321 2071 villam
1349 2030 1400 2071 de
1421 2029 1648 2071 KENEFEG
1669 2029 1715 2070 in
1735 2031 1855 2084 parte
1877 2029 2084 2072 orientali.

137 2118 212 2161 Ita
242 2120 355 2175 quod
384 2119 529 2161 nullus
560 2121 613 2161 de
643 2123 780 2162 cetero
808 2120 934 2176 fugat
964 2120 1125 2162 ibidem
1154 2135 1231 2161 nec
1261 2120 1404 2175 aliqua
1432 2120 1515 2161 alia
1546 2119 1684 2175 capiat
1714 2135 1795 2174 que
1826 2120 1880 2161 ad
1909 2119 2088 2161 liberam

138 2225 404 2252 warrennam
424 2211 641 2266 pertinent
662 2210 819 2266 absque
840 2211 1015 2253 licencia
1037 2215 1077 2253 et
1108 2211 1328 2253 voluntate
1349 2211 1634 2266 predictorum
1655 2209 1819 2252 abbatis
1840 2215 1881 2251 et
1903 2225 2083 2252 conven-

137 2304 208 2343 tus
229 2300 307 2344 sub
327 2301 595 2343 forisfactura
616 2317 700 2357 qua
720 2303 840 2344 decet
861 2303 1093 2343 secundum
1107 2302 1289 2343 formam
1306 2302 1455 2343 statuti
1470 2301 1570 2343 inde
1586 2301 1758 2356 provisi.
1821 2299 2086 2342 Habendum

137 2395 183 2435 et
202 2394 437 2435 tenendum
456 2393 692 2448 predictam
712 2408 978 2435 warrennam
1008 2408 1083 2449 per
1112 2396 1251 2435 totum
1281 2392 1588 2434 cunicularium
1617 2392 1854 2447 predictum
1884 2391 2082 2447 predictis

139 2482 285 2526 abbati
306 2486 347 2526 et
369 2484 598 2526 conventui
619 2488 661 2526 et
682 2499 826 2526 eorum
849 2483 1151 2526 successoribus
1172 2485 1223 2525 de
1245 2482 1365 2525 nobis
1385 2487 1425 2524 et
1446 2482 1670 2524 heredibus
1690 2481 1843 2524 nostris
1864 2481 1910 2523 in
1930 2496 2082 2536 puram

134 2577 179 2617 et
208 2577 458 2630 perpetuam
489 2575 762 2617 elemosinam
793 2575 949 2630 absque
982 2575 1132 2616 olamio
1163 2577 1238 2616 aut
1279 2573 1570 2615 vendicatione
1602 2575 1746 2615 nostra
1775 2587 1849 2614 seu
1877 2571 2083 2613 heredum

133 2669 375 2707 nostrorum
406 2665 692 2721 predictorum
716 2665 1043 2721 imperpetuum.
1117 2664 1171 2706 In
1203 2665 1326 2720 cujus
1354 2665 1416 2706 rei
1445 2663 1737 2706 testimonium
1766 2661 1864 2703 huic
1893 2661 2081 2716 presenti

133 2758 248 2798 carte
267 2759 408 2798 nostre
430 2756 622 2812 sigillum
643 2756 888 2798 cancellarie
909 2760 1050 2798 nostre
1073 2757 1124 2798 de
1145 2755 1358 2797 KAERDIF
1381 2755 1580 2796 duximus
1601 2753 1912 2809 apponendum.
1974 2751 2080 2794 Hiis

131 2845 312 2888 testibus
334 2879 344 2887 .
366 2846 569 2888 MATHEO
589 2847 629 2888 le
651 2846 768 2888 Soon
787 2850 890 2889 tunc
910 2847 1154 2889 vicecomite
1175 2850 1317 2888 nostro
1341 2879 1349 2887 .
1373 2845 1545 2887 domino
1568 2844 1754 2885 Romano
1781 2843 1824 2884 la
1856 2841 2034 2885 WARDE
2066 2875 2076 2884 .

133 2936 307 2979 domino
327 2936 497 2979 THOMA
517 2952 571 2992 ap
591 2938 723 2979 ARoN
754 2937 964 2980 militibus
986 2970 994 2980 .
1019 2937 1191 2979 domino
1221 2936 1250 2979 J
1253 2950 1439 2978 OHANNE
1471 2936 1523 2977 de
1554 2934 1834 2976 HAMPSLAPE
1867 2966 1875 2974 .
1909 2932 2081 2974 domino

132 3026 164 3070 J
166 3041 353 3070 OHANNE
375 3028 427 3069 de
451 3026 694 3070 Commu
717 3061 725 3070 .
749 3031 792 3070 et
812 3028 917 3070 aliis.
