2386 3645
336 266 446 308 1516

361 473 517 515 felonie
552 488 648 515 cum
687 487 946 527 manuopere
988 473 1158 513 tantum
1194 470 1306 526 capti
1346 469 1508 511 fuerint
1548 483 1621 511 seu
1660 482 1736 524 pro
1777 467 1990 522 aliquibus
2028 482 2105 509 nos
2146 470 2220 509 aut

360 564 571 606 familiam
588 567 776 606 nostram
797 562 1033 619 specialiter
1052 560 1344 616 tangentibus.
1407 561 1467 602 Et
1488 561 1540 602 de
1555 558 1753 602 omnibus
1773 558 1898 601 rebus
1913 559 2029 600 infra
2047 558 2217 601 liberta-

361 658 448 697 tem
465 655 564 697 ville
580 657 721 697 nostre
737 654 924 709 predicte
942 653 1065 695 factis
1086 652 1271 708 prefatos
1291 651 1520 707 burgenses
1535 654 1699 693 nostros
1713 653 1958 692 tenementa
1974 664 2047 691 seu
2068 649 2220 691 catalla

360 761 505 788 eorum
544 745 821 802 tangentibus
862 745 976 786 unde
1025 743 1249 799 inquisicio
1290 743 1383 797 capi
1432 742 1584 784 debeat
1624 741 1737 796 quod
1777 740 1852 781 iHa
1894 740 2116 795 inquisicio
2166 739 2221 782 sit

358 836 587 879 terminata
618 851 692 891 per
721 836 992 891 inquisitores
1022 837 1065 876 et
1094 849 1181 876 non
1211 849 1286 889 per
1316 833 1421 876 alios
1451 836 1492 875 et
1522 833 1635 888 quod
1665 832 1795 873 iidem
1825 831 2056 886 burgenses
2086 831 2219 873 nostri

358 942 434 969 nec
455 942 600 969 eorum
623 941 872 969 successores
894 926 1081 981 aliquam
1105 958 1248 967 .....
1273 924 1481 966 sacionem
1502 924 1663 966 faciant
1682 938 1759 964 nec
1781 922 1965 977 aliquem
1987 922 2219 978 fugitivum

357 1017 403 1059 in
424 1018 567 1073 aliqua
588 1018 760 1060 ecclesia
780 1018 927 1059 custod
951 1049 1302 1059 ...........
1326 1014 1608 1071 burgensibus
1629 1014 1782 1056 nostris
1803 1015 1916 1069 quod
1943 1028 2018 1069 per
2049 1013 2217 1055 ordina-

358 1109 522 1150 cionem
543 1107 844 1150 constabularii
864 1108 997 1149 nostri
1018 1107 1227 1162 predictos
1248 1106 1539 1148 ordinaciones
1560 1111 1601 1147 et
1623 1106 1897 1156 clamaciones
1927 1105 2057 1147 libere
2081 1104 2219 1147 facere

356 1200 519 1256 possint
540 1200 592 1241 de
613 1200 740 1242 assisa
762 1200 883 1254 panis
904 1202 945 1241 et
967 1199 1137 1240 servicie
1158 1201 1201 1240 et
1221 1199 1273 1239 de
1295 1198 1388 1240 aliis
1408 1197 1533 1239 rebus
1553 1198 1732 1239 eandem
1762 1196 1911 1237 villam
1941 1195 2218 1251 tangentibus

357 1291 694 1345 quandocunque
726 1304 890 1332 necesse
923 1289 1054 1330 fuerit
1087 1290 1142 1330 ad
1176 1288 1518 1331 emendacionem
1547 1287 1740 1343 ejusdem
1772 1287 1872 1329 ville
1905 1290 1947 1328 et
1982 1287 2218 1342 proficuum

355 1381 514 1437 populi.
576 1380 648 1422 Ita
697 1381 810 1436 quod
850 1395 936 1421 non
987 1382 1112 1421 erunt
1153 1380 1299 1435 legum
1343 1378 1697 1434 proclamaciones
1736 1377 1782 1419 in
1833 1377 2035 1418 comitatu
2075 1379 2217 1418 nostro

355 1471 713 1514 GLAMORGANCIE
745 1471 887 1526 aliquo
916 1473 1105 1526 tempore
1134 1470 1258 1512 facte.
1322 1469 1532 1511 Volumus
1568 1469 1700 1510 eciam
1737 1469 1850 1523 quod
1883 1467 2217 1510 constabularius

354 1566 495 1605 noster
512 1564 563 1604 de
584 1562 870 1604 LANTmsan
892 1563 944 1604 de
961 1567 1098 1604 cetero
1114 1563 1257 1603 teneat
1279 1561 1422 1602 omnia
1441 1560 1664 1601 hundreda
1679 1559 1779 1601 ville
1797 1559 1988 1614 ejusdem
2006 1560 2057 1600 de
2074 1573 2218 1601 mense

351 1653 397 1695 in
419 1668 607 1695 mensem
628 1654 680 1694 de
702 1652 898 1695 omnibus
918 1652 1086 1708 placitis
1107 1654 1148 1693 et
1181 1651 1362 1706 querelis
1394 1653 1483 1693 tam
1508 1652 1561 1692 de
1591 1651 1774 1692 clamore
1809 1649 1974 1691 hutesio
2010 1649 2218 1706 sanguine

350 1744 445 1786 fuso
479 1759 607 1799 quam
638 1745 689 1786 de
720 1743 1124 1800 transgressionibus
1152 1743 1306 1785 debitis
1337 1741 1691 1784 convencionibus
1722 1756 1852 1796 quam
1881 1741 2012 1782 eciam
2046 1741 2098 1782 de
2122 1740 2216 1782 aliis

351 1836 527 1877 diversis
548 1835 773 1877 contractis
793 1835 979 1890 exceptis
999 1833 1167 1890 placitis
1188 1847 1338 1875 corone
1359 1832 1585 1874 forestallis
1616 1836 1658 1873 et
1687 1831 1943 1873 homesoken
1977 1834 2020 1873 et
2049 1831 2217 1886 placitis

350 1929 472 1968 terre.
535 1926 627 1968 Nos
648 1942 745 1968 vero
766 1925 980 1981 predictus
1002 1924 1141 1966 HUGO
1162 1926 1205 1966 et
1225 1923 1399 1965 heredes
1420 1922 1554 1965 nostri
1588 1937 1733 1964 omnes
1760 1922 1977 1963 libertates
2007 1922 2216 1976 predictas

347 2017 546 2073 predictis
566 2016 849 2072 burgensibus
870 2016 1024 2058 nostris
1046 2018 1191 2057 contra
1212 2029 1356 2057 omnes
1379 2017 1526 2069 gentes
1558 2012 1929 2055 warantizabimus
1962 2016 2003 2054 et
2039 2012 2086 2055 in
2118 2028 2210 2068 per-

352 2111 530 2164 petuum
551 2108 842 2150 defendemus.
907 2106 962 2148 In
999 2107 1117 2149 cuius
1149 2106 1211 2148 rei
1245 2105 1538 2147 testimonium
1571 2104 1670 2146 huic
1706 2107 1898 2159 presente
1933 2106 2044 2146 carte
2079 2107 2221 2146 nostre

357 2200 548 2255 sigillum
569 2199 814 2241 cancellarie
835 2202 977 2240 nostre
998 2199 1050 2240 de
1072 2197 1298 2240 KERDYFF
1319 2197 1520 2238 duximus
1541 2197 1856 2252 apponendum.
1900 2195 2002 2237 Hiis
2016 2194 2195 2238 testibus
2210 2229 2218 2237 .

356 2290 543 2333 Domino
575 2290 776 2332 MATHEO
810 2290 850 2332 le
883 2289 997 2332 Soon
1028 2292 1132 2331 tunc
1163 2288 1406 2330 vicecomite
1438 2290 1582 2329 nostro
1619 2286 1983 2329 GLAMORGANCIE
2015 2290 2058 2329 et
2096 2286 2223 2329 Mon-

359 2396 523 2424 GANCIE
548 2415 555 2423 .
590 2380 758 2423 THOMA
778 2382 818 2423 le
839 2380 1020 2424 WARDE
1045 2414 1052 2422 .
1077 2379 1250 2422 domino
1271 2378 1301 2421 J
1304 2393 1492 2420 OHANNE
1523 2379 1562 2420 le
1592 2377 1796 2420 NORREIS
1818 2412 1826 2420 .
1851 2378 2023 2419 domino
2058 2377 2224 2419 ΤΗΟΜΑ

359 2488 412 2528 ap
453 2473 617 2514 AARoN
659 2471 866 2514 militibus
901 2505 909 2513 .
952 2470 1140 2512 PAGANO
1172 2471 1224 2512 de
1262 2469 1562 2511 TURBERVILL
1596 2502 1604 2510 .
1648 2467 1952 2510 LLEWELLINO
1984 2468 2180 2511 Vicum
2213 2502 2222 2511 .

359 2562 568 2619 M[A1>00]
595 2578 647 2618 ap
669 2562 825 2604 DAvn)
846 2564 889 2603 et
909 2561 1014 2603 aliis.

419 2654 584 2696 Datum
605 2654 719 2709 apud
740 2652 963 2695 KERDYFF
985 2655 1136 2707 quarto
1157 2652 1226 2693 die
1247 2651 1402 2693 mensis
1423 2650 1531 2692 Maii
1552 2665 1664 2692 anno
1684 2651 1809 2706 regni
1830 2650 1963 2706 Regis
1997 2649 2223 2692 Enwfflm

361 2745 480 2787 tercii
502 2748 596 2800 post
617 2747 894 2800 conquestum
914 2744 1123 2786 vicesimo.
1191 2742 1240 2799 [4
1262 2742 1382 2797 May,
1407 2741 1556 2798 1346]

423 2835 550 2890 (III.)
615 2834 815 2877 Preterea
836 2834 1112 2876 concessimus
1144 2833 1302 2875 eisdem
1332 2832 1615 2889 burgensibus
1641 2832 1797 2875 nostris
1828 2833 1880 2874 de
1911 2832 2054 2888 gracia
2084 2835 2228 2874 nostra

361 2926 532 2982 speciali
553 2927 666 2982 quod
685 2925 767 2981 ipsi
788 2929 830 2968 et
850 2940 996 2967 eorum
1016 2939 1269 2967 successores
1288 2923 1475 2966 habeant
1495 2924 1686 2966 decetero
1716 2923 1898 2966 housbot
1929 2927 1972 2965 et
2001 2922 2144 2965 heibot
2173 2923 2227 2965 de

363 3020 531 3059 mortuo
565 3016 688 3060 bosco
718 3016 764 3058 in
787 3015 922 3059 boscis
949 3018 992 3058 et
1026 3016 1072 3057 in
1102 3015 1269 3057 forestis
1299 3014 1453 3057 nostris
1474 3015 1526 3056 de
1561 3013 1779 3056 Mmsmm
1816 3016 1858 3056 et
1893 3012 2226 3056 GLYNROTHNEI
