2386 3645
1960 283 2068 325 1531

274 486 587 544 Cath[edralis]
605 486 876 531 WELLENSIs
891 489 934 529 et
946 486 1334 544 BATHon[1ENS1s]
1354 502 1434 529 vm.
1453 491 1582 530 and.
1644 488 1758 531 Item
1771 490 1868 546 lego
1885 505 1937 532 cs,
1957 493 2127 532 centum

271 578 513 634 presbiteris
534 579 589 620 ad
610 577 910 620 celebrandum
939 592 1015 633 pro
1046 578 1190 619 anima
1218 592 1313 620 mea
1333 577 1407 620 ubi
1436 578 1518 633 ipsi
1548 581 1649 620 sunt
1677 583 1969 622 conversantes
1998 595 2127 635 quam

271 669 354 711 cito
376 669 548 711 comode
567 668 660 710 fieri
679 667 823 724 possit.
883 667 999 710 Item
1018 667 1115 724 lego
1136 682 1190 710 cs,
1213 668 1268 710 ad
1288 668 1566 710 dividendum
1595 669 1708 711 inter
1736 684 1952 726 pauperes.
2012 670 2127 713 Item

270 759 368 816 lego
389 774 443 801 08.
461 760 517 802 ad
532 759 811 802 dividendum
829 758 943 801 inter
962 758 1215 815 presbiteros
1235 759 1380 801 statim
1395 762 1491 815 post
1505 761 1686 801 mortem
1705 774 1855 802 meam.
1902 760 2016 803 Item
2030 761 2126 817 lego

272 864 327 892 cs.
349 851 494 893 decem
515 849 744 906 capellanis
763 849 951 892 honestae
977 849 1305 892 conversationis
1325 850 1420 901 viz„
1444 849 1616 892 cuilibet
1644 865 1706 892 xs,
1736 851 1789 891 ad
1817 852 2022 893 orandum
2053 866 2128 907 pro

268 941 412 983 anima
431 956 537 983 mea.
599 940 714 983 Item
733 941 829 984 volo
859 942 973 997 quod
1003 942 1228 998 sexaginta
1256 942 1338 984 viri
1359 945 1402 984 et
1432 942 1630 984 mulieres
1659 956 1864 997 pauperes
1894 942 2128 985 vestiantur

268 1046 365 1074 cum
385 1046 529 1087 panno
550 1031 673 1073 laneo
701 1030 881 1086 quilibet
911 1046 1008 1073 cum
1039 1046 1090 1073 1J.
1123 1032 1256 1088 virgis
1286 1047 1382 1074 cum
1412 1032 1591 1074 dimidia
1620 1032 1750 1087 precii
1771 1046 1842 1074 ωε.
1865 1035 1952 1074 de.
2015 1032 2128 1075 Item

268 1122 365 1178 lego
383 1124 456 1164 xli.
476 1137 528 1164 ω.
553 1122 781 1177 capellanis
797 1123 852 1164 ad
873 1122 1172 1165 celebrandum
1188 1137 1265 1179 pro
1280 1123 1425 1164 anima
1438 1137 1534 1165 mea
1548 1122 1594 1164 in
1610 1123 1782 1165 ecclesia
1797 1123 1849 1164 de
1869 1122 2130 1166 LANDOUGH

267 1213 468 1256 continue
506 1228 582 1270 per
621 1229 757 1256 unum
799 1228 974 1257 annum,
1047 1214 1161 1257 Item
1201 1215 1296 1257 volo
1337 1216 1450 1271 quod
1479 1215 1555 1257 fiat
1589 1214 1833 1257 distributio
1874 1218 1979 1257 xxli.
2021 1216 2132 1258 inter

268 1319 474 1361 pauperes
502 1319 579 1360 pro
609 1305 753 1347 anima
782 1320 878 1347 mea
907 1309 1034 1361 prout
1064 1305 1358 1348 executoribus
1383 1306 1489 1348 meis
1513 1306 1665 1348 melius
1684 1306 1899 1348 videbitur
1919 1307 2129 1363 expedire.

266 1395 382 1438 Item
401 1396 498 1451 lego
518 1396 670 1438 rectori
691 1397 744 1438 de
765 1395 1026 1439 LANDOUGH
1048 1412 1141 1439 xxa
1175 1412 1252 1453 pro
1280 1397 1454 1440 decimis
1486 1397 1591 1440 meis
1621 1397 1775 1440 oblitis.
1838 1397 1952 1440 Item
1981 1398 2133 1440 rectori

266 1488 320 1530 de
340 1486 599 1530 LANGRUGE
621 1502 714 1530 xxa
737 1503 813 1543 pro
834 1488 1007 1531 decimis
1027 1487 1182 1531 oblitis.
1243 1488 1357 1530 Item
1396 1489 1548 1531 rectori
1584 1490 1636 1531 de
1657 1488 1856 1531 LANGAN
1887 1503 1967 1531 VIS.
2000 1491 2130 1531 vmd.

263 1577 379 1621 Item
410 1578 562 1621 rectori
593 1579 647 1621 de
668 1578 993 1621 SEINTANTHAN
1019 1594 1101 1621 πε.
1127 1583 1256 1621 and.
1318 1579 1433 1622 Item
1452 1580 1549 1636 1080
1579 1580 1762 1622 ecclesiae
1792 1581 1845 1622 de
1866 1580 2127 1622 LANDOUGH

265 1683 355 1712 xm.
418 1669 533 1711 Item
562 1670 659 1726 lego
689 1670 811 1726 ponti
840 1673 987 1713 vocato
1029 1670 1366 1713 PoPULBRUGGE
1408 1685 1491 1714 vJs‘
1534 1673 1665 1713 v11Jd.
1749 1670 1988 1713 Residuum
2033 1685 2131 1713 vero

267 1760 460 1802 omnium
480 1759 690 1803 bonorum
709 1775 901 1803 meorum
931 1761 1124 1817 relinquo
1154 1761 1421 1817 dispositioni
1451 1764 1724 1804 exeeutorum
1752 1776 1944 1803 meorum
1973 1764 2023 1803 ut
2052 1760 2135 1817 ipsi

268 1866 357 1908 prae
379 1851 510 1894 oquis
531 1851 674 1894 Deum
695 1852 900 1895 habentes
919 1853 1020 1895 inde
1041 1853 1270 1909 disponant
1290 1868 1366 1909 pro
1387 1853 1531 1895 anima
1560 1868 1655 1895 mea
1683 1856 1910 1909 parentum
1940 1867 2132 1894 meorum

268 1944 310 1984 et
331 1942 523 1984 omnium
543 1942 736 1985 fidelium
757 1943 1056 1986 defunctorum
1078 1959 1182 1999 quos
1203 1944 1352 1986 ordino
1373 1943 1482 1986 facio
1503 1951 1546 1986 et
1567 1945 1777 1987 constituo
1798 1943 2129 1985 ELIZABETHAM

265 2047 442 2074 uxorem
462 2047 603 2075 meam
623 2032 830 2076 THoMAM
852 2033 1115 2076 CRICKLADE
1137 2035 1397 2091 armigerum
1426 2036 1680 2091 magistrum
1711 2034 1741 2077 J
1743 2048 1970 2076 OHANNEM
2001 2033 2122 2075 PEN-

264 2138 448 2166 THLYNE
495 2125 570 2180 (et)
606 2125 845 2168 Dominum
881 2126 1086 2169 THOMAM
1117 2126 1349 2169 STANDICH
1379 2130 1583 2169 rectorem
1613 2127 1666 2168 de
1698 2125 1994 2167 LANGERYGE.
2068 2125 2130 2167 Et

263 2215 444 2270 quilibet
475 2219 750 2259 executorum
788 2231 980 2259 meorum
1030 2217 1226 2260 videlicet
1275 2217 1466 2260 THOMAS
1517 2217 1778 2260 GRICKLADE
1827 2219 1870 2259 et
1917 2216 2122 2272 magister

263 2306 293 2349 J
295 2321 506 2349 OHANNES
527 2309 570 2349 et
589 2307 805 2350 Dommus
826 2307 1018 2351 THOMAS
1038 2309 1211 2365 recipiet
1231 2323 1320 2351 XLS.
1343 2324 1419 2364 pro
1440 2309 1584 2352 labore
1604 2324 1691 2351 suo.

319 2397 486 2440 Datum
507 2398 576 2441 die
596 2401 639 2441 et
658 2414 771 2442 anno
792 2400 1057 2456 supradictis.

318 2488 554 2531 Probatum
575 2489 662 2532 fuit
674 2490 752 2533 hoc
765 2494 1069 2534 testamentum
1083 2506 1222 2534 coram
1235 2492 1440 2549 magistro
1459 2491 1502 2534 J.
1534 2490 1812 2533 LYDDEFELD
1842 2489 2119 2540 commisario‚
2138 2513 2143 2519 ·

261 2582 355 2631 etc.‚
377 2595 513 2623 xan.
536 2581 606 2624 die
635 2581 792 2624 mensis
811 2581 921 2624 Maii
950 2597 1063 2625 anno
1092 2582 1272 2625 Domini
1302 2582 1554 2638 supradicto.
1616 2581 1677 2623 Et
1707 2581 1927 2623 commissa
1957 2583 2020 2622 est
2048 2580 2121 2621 ad-

256 2670 514 2713 ministratio
536 2674 613 2714 etc.
636 2672 841 2729 magistro
862 2672 892 2716 J
895 2687 1072 2715 OHANNI
1095 2673 1379 2715 PENTHLYNE
1401 2676 1444 2716 et
1470 2673 1658 2717 Domino
1680 2672 1859 2715 THoMAE
1889 2670 2120 2714 sammon

259 2761 551 2804 executoribus
571 2765 612 2804 et
633 2766 844 2805 reservata
864 2766 1072 2819 potestate
1093 2766 1170 2806 etc.
1193 2767 1236 2806 et
1256 2764 1485 2820 acquietati
1506 2768 1606 2807 sunt
1626 2766 1868 2807 executores
1889 2766 1965 2804 etc.

230 2850 325 2880 From
339 2860 358 2880 a
375 2860 459 2890 copy
474 2852 567 2881 made
580 2852 624 2890 by
638 2852 695 2882 the
709 2852 790 2883 Rev.
806 2853 839 2883 O.
856 2853 994 2892 Shickle,
1010 2854 1129 2884 Rector
1144 2855 1177 2884 of
1200 2854 1393 2893 Langridge,
1409 2855 1463 2885 Co.
1486 2855 1656 2892 Somerset,
1671 2854 1705 2883 in
1720 2854 1805 2882 1895.
1847 2852 1915 2881 The
1930 2851 2065 2888 original
2081 2850 2109 2879 is

181 2904 215 2934 in
229 2905 285 2936 the
299 2906 454 2945 Registry
469 2907 502 2936 of
523 2907 578 2937 the
592 2907 734 2938 Probate
750 2908 850 2938 court
864 2909 897 2938 of
921 2909 1133 2948 Canterbury.
1179 2909 1346 2949 [Register
1367 2910 1536 2940 Laffenam
1552 2911 1574 2939 f.
1596 2910 1645 2949 8]‚
1668 2909 1772 2938 which
1794 2908 1852 2937 has
1873 2908 1951 2936 been
1975 2906 2052 2935 used
2074 2906 2107 2934 in

182 2960 238 2991 the
253 2962 408 2992 collation
425 2963 458 2992 of
481 2963 536 2993 the
550 2966 632 2993 text.
