2386 3645
288 242 398 283 1302

229 463 364 490 unum
394 451 686 490 tenementum
708 450 921 504 quondam
952 450 1146 491 nativum
1167 451 1279 504 quod
1311 449 1549 491 Hmmcns
1580 448 1752 491 N1coLL
1785 449 2001 503 quondam
2029 449 2171 491 tenuit

234 554 329 581 cum
353 555 437 581 una
459 540 636 581 dimidia
657 555 751 582 acra
772 544 881 582 terre
902 544 943 581 et
965 544 1101 583 cetera
1124 575 1132 582 .
1156 556 1237 596 que
1252 541 1364 582 idem
1381 541 1578 583 dominus
1600 539 1814 581 PAGANUS
1835 539 1955 580 dech’t
1983 539 2172 594 predicto

229 629 486 673 WILLELMO
526 637 567 673 et
607 631 832 673 heredibus
871 632 968 682 suis,
1010 633 1243 673 tenendum
1282 646 1357 686 per
1396 631 1611 672 reddit-um
1652 629 1839 684 quinque
1869 630 2098 672 solidorum
2129 633 2172 673 et

229 722 409 763 duorum
453 723 722 763 denariorum
767 737 841 777 per
886 725 1102 764 extentam
1143 726 1185 763 et
1226 724 1391 763 cetera.
1417 725 1458 762 et
1499 720 1683 762 ostendit
1724 720 1837 763 cuxie
1878 721 1985 763 duas
2035 724 2170 763 cartas

228 813 421 868 ejusdem
458 813 621 855 domini
661 813 840 855 PAGAm
873 829 953 868 que
994 813 1072 854 hoc
1110 813 1222 854 idem
1264 814 1486 853 testantur.
1568 810 1627 852 Et
1659 811 1762 853 dicit
1793 813 1906 866 quod
1937 812 2058 853 nulla
2088 812 2172 854 alia

227 907 469 945 tenementa
499 907 615 946 tenet
644 904 689 945 in
721 905 866 945 eodem
898 904 1069 945 domino
1100 907 1141 944 et
1172 903 1284 957 quod
1314 905 1453 943 totum
1484 902 1721 957 predictum
1753 903 1967 944 redditum
1989 903 2170 959 singulis

227 995 350 1035 annis
371 995 494 1036 solvit
511 996 564 1035 ad
578 995 751 1049 plenum
765 1009 838 1048 per
852 995 965 1049 quod
981 1008 1066 1034 non
1082 996 1219 1049 potest
1240 993 1412 1047 aliquod
1434 993 1796 1035 concelamentum
1812 994 2002 1035 redditus
2018 994 2168 1036 facere.

227 1084 287 1126 Et
309 1083 408 1139 quia
427 1085 698 1126 testificatum
719 1088 779 1126 est
802 1085 913 1139 quod
935 1086 1072 1125 totum
1099 1083 1335 1138 predictum
1365 1083 1582 1124 redditum
1610 1083 1798 1139 plenarie
1829 1085 1954 1126 solvit
1985 1088 2026 1126 et
2056 1086 2170 1140 quod

225 1174 347 1216 liberi
377 1179 568 1216 tenentes
599 1175 831 1230 Anglicani
861 1176 913 1216 de
945 1173 1124 1215 CoYTIF'
1156 1173 1326 1215 nullum
1346 1174 1563 1215 redditum
1583 1189 1635 1215 ex
1657 1175 1962 1217 consuetudine
1984 1176 2172 1218 reddunt

224 1265 336 1306 ultra
359 1268 517 1307 certum
539 1265 752 1306 redditum
775 1280 896 1306 suum
919 1264 1226 1306 consideratum
1248 1268 1312 1306 est
1332 1265 1444 1320 quod
1475 1265 1690 1319 predictus
1709 1264 1738 1307 J
1741 1279 1952 1308 OHANNEs
1974 1269 2043 1307 eat
2071 1266 2172 1308 inde

223 1356 402 1410 quietus.
467 1355 525 1397 Et
555 1356 629 1396 dat
659 1355 829 1396 domino
860 1355 911 1396 de
941 1370 1056 1396 mera
1086 1355 1306 1396 voluntate
1338 1370 1412 1397 sua
1442 1371 1518 1411 pro
1549 1355 1667 1411 copia
1696 1355 1828 1410 hujus
1857 1356 2174 1399 irrotulamenti

223 1446 417 1488 habenda
439 1461 505 1488 111.
530 1447 681 1488 solidos
704 1461 790 1487 1111.
814 1447 1018 1487 denarios.

278 1537 569 1579 Endorsed—‘
588 1537 799 1578 Placitum
829 1537 940 1578 inter
971 1537 1191 1578 dominum
1224 1537 1275 1578 de
1307 1535 1472 1579 OOYTIF
1495 1540 1537 1579 et
1556 1537 1814 1581 JOHANNEM
1840 1539 1939 1581 GAY
1972 1574 1980 1582 .
2016 1572 2024 1581 .
2060 1573 2068 1581 .
2104 1573 2112 1580 .
2157 1573 2166 1582 .

221 1629 272 1669 de
296 1628 489 1670 ΟΟΥΤΙΥῈ
510 1642 585 1683 pro
607 1629 791 1682 quodam
811 1627 1010 1669 redditu.⁷

894 1718 941 1755 (1)
966 1718 1044 1747 This
1060 1718 1087 1747 is
1103 1719 1205 1748 added
1221 1719 1295 1748 here
1310 1728 1352 1748 on
1368 1719 1504 1757 margin.

1099 1925 1285 1968 MXXI.

225 2032 442 2075 RALPH
492 2032 576 2074 DE
629 2032 966 2085 STAFFORD,
1017 2032 1199 2076 FIRST
1249 2033 1422 2076 EARL
1481 2033 1559 2076 OF
1610 2034 1950 2087 STAFFORD,
2001 2035 2170 2078 LORD

369 2124 446 2166 OF
497 2123 823 2175 NEWPORT,
874 2123 1076 2166 TAKES
1138 2124 1268 2167 THE
1315 2124 1523 2167 ABBOT
1572 2125 1707 2168 AND
1761 2126 2056 2170 CONVENT
2098 2127 2176 2169 OF

373 2214 647 2256 MARGAM
698 2214 922 2256 UNDER
972 2215 1080 2257 HIS
1130 2215 1393 2258 SPEOIAL
1448 2216 1854 2260 PROTEOTION.

837 2322 1009 2379 [HARL.
1045 2322 1279 2377 CHARTER,
1311 2325 1365 2366 75
1399 2323 1445 2366 O.
1479 2323 1572 2381 55.]

633 2430 819 2473 SUNDAY
849 2445 994 2473 AFTER
1025 2432 1205 2474 EAsTER
1240 2434 1312 2488 (28
1343 2433 1528 2488 APRIL).
1591 2433 1645 2474 33
1676 2432 1805 2474 Enw.
1838 2432 1929 2475 III.
1993 2434 2118 2476 1359.

290 2538 573 2580 RADULPHUS
604 2554 739 2580 comes
769 2539 1001 2581 STAFFORD
1037 2544 1079 2582 et
1106 2540 1318 2583 Dominus
1349 2542 1401 2582 de
1429 2540 1652 2583 NEUPORT
1678 2541 1724 2582 in
1756 2540 1954 2584 WALLIA
1982 2541 2179 2584 omnibus

233 2629 427 2671 fidelibus
458 2634 499 2671 et
530 2629 742 2671 Ministris
772 2631 857 2672 suis
897 2632 948 2672 de
983 2631 1206 2674 NEUPORT
1237 2632 1430 2674 salutem.
1511 2631 1662 2674 Sciatis
1697 2633 1811 2687 quod
1852 2633 2109 2688 suscepimus
2132 2633 2179 2675 in

236 2720 542 2775 proteccionem
564 2724 606 2762 et
622 2721 911 2763 defensionem
928 2726 1114 2764 nostram
1131 2723 1352 2779 specialem
1370 2723 1544 2765 dilectos
1560 2723 1682 2765 nobis
1696 2723 1743 2764 in
1765 2722 1961 2765 CHRIsTo
1982 2722 2180 2766 abbatem

238 2815 279 2852 et
311 2814 566 2853 conventum
587 2812 639 2853 de
662 2811 862 2854 MoRGAN
883 2812 1075 2856 homines
1094 2817 1287 2856 tenentes
1306 2818 1439 2856 terras
1468 2829 1534 2856 res
1553 2814 1746 2856 redditus
1775 2817 1819 2856 et
1848 2829 1993 2856 omnes
2021 2829 2180 2870 posses-

239 2902 374 2943 siones
395 2917 501 2943 suas.
563 2902 625 2944 Et
644 2902 740 2945 ideo
757 2904 876 2945 vobis
892 2906 1145 2947 mandamus
1167 2906 1282 2960 quod
1302 2905 1414 2960 ipsos
1436 2904 1632 2947 abbatem
1653 2906 1696 2946 et
1716 2907 1971 2946 conventum
1991 2904 2184 2947 homines

238 2995 430 3034 tenentes
450 2995 582 3035 terras
600 3008 667 3035 res
686 2995 879 3036 redditus
899 2998 941 3037 et
963 3011 1106 3038 omnes
1131 2996 1409 3052 possessiones
1437 3011 1532 3038 suas
1551 2996 1866 3038 manuteneatis
1886 2995 2119 3052 protegatis
2140 2998 2183 3038 et
