2386 3645
1924 259 2034 301 1295

1031 552 1213 596 MXVI.

144 659 591 707 AOQUITTANGE
646 658 734 702 BY
787 658 817 702 J
819 658 996 702 EVAN
1049 658 1132 701 ΑΡ
1188 658 1498 702 GRIFFITH
1553 660 1635 702 ΑΡ
1689 661 1955 705 MORGAN
2011 664 2089 706 OF

291 751 419 794 TEN
452 749 808 802 SHILLINGS,
838 749 1134 792 ARREARS
1166 750 1243 792 OF
1278 750 1448 793 RENT
1488 750 1612 794 FOR
1651 751 2093 798 HAVOTHALOK

290 842 377 885 UP
417 841 493 884 ΤΟ
533 840 955 884 MIGHAELMAS
996 841 1185 894 NEXT,
1227 841 1303 884 ΤΟ
1345 841 1624 884 MARGAM
1663 841 1892 886 ABBEY.

859 947 1086 1003 [MARGAM
1123 947 1379 1005 CHARTER.]

840 1056 1083 1099 SATURDAY
1113 1070 1259 1098 AFTER
1288 1056 1590 1098 MinsUMMER.
1655 1057 1676 1097 1
1708 1056 1739 1099 J
1742 1070 1842 1098 ULY.
1906 1057 2030 1099 1357.

201 1164 426 1207 Universis
452 1164 641 1207 CHRISTI
669 1162 867 1206 fidelibus
894 1164 950 1205 ad
978 1178 1158 1219 quorum
1185 1163 1385 1206 notitiam
1414 1166 1630 1219 presentes
1657 1163 1798 1206 littere
1825 1165 2094 1219 pervenerint

142 1255 173 1299 J
175 1270 352 1298 EVANUS
373 1270 426 1312 ap
449 1254 707 1298 GRIFFUTH'
731 1270 784 1310 ap
805 1254 1008 1296 Momm
1032 1257 1223 1297 eternam
1243 1254 1289 1296 in
1310 1254 1404 1297 Deo
1426 1254 1619 1297 salutem.

201 1346 420 1389 Noveritis
451 1360 519 1388 me
551 1345 754 1400 recepisse
788 1346 832 1387 et
862 1344 1057 1387 habuisse
1090 1345 1158 1386 die
1194 1345 1472 1387 confeccionis
1501 1345 1767 1400 presencium
1802 1346 1855 1387 de
1886 1346 2096 1402 religiosis

141 1438 244 1481 viris
276 1472 285 1481 .
320 1470 329 1480 .
362 1437 515 1480 abbate
547 1440 590 1480 et
617 1439 829 1480 conventu
857 1437 909 1479 de
945 1436 1152 1479 MARGAN
1218 1437 1363 1479 decem
1396 1437 1551 1479 solidos
1577 1436 1786 1479 bonorum
1817 1440 1859 1478 et
1888 1437 2093 1494 legalium

142 1529 446 1586 sterlingorum
484 1528 657 1571 nomine
698 1527 832 1569 annui
870 1527 1062 1570 redditus
1101 1527 1186 1569 mei
1226 1528 1279 1569 de
1320 1527 1658 1569 HAVOTHALOK’
1701 1531 1741 1569 et
1781 1543 1858 1583 pro
1898 1528 2095 1571 omnibus

142 1620 367 1677 arreragiis
406 1619 537 1662 michi
577 1618 731 1662 debitis
781 1634 915 1675 usque
965 1619 1021 1660 ad
1068 1618 1227 1660 festum
1277 1617 1424 1660 Sancti
1463 1617 1723 1661 MICHAELIS
1763 1633 1875 1661 anno
1915 1619 2094 1661 Domini

136 1712 362 1755 millesimo
403 1718 527 1754 cccm0·
561 1711 916 1766 quinquagesimo
957 1709 1136 1765 septimo
1169 1742 1178 1751 .
1210 1709 1272 1751 Et
1313 1709 1348 1751 si
1388 1709 1463 1765 qui
1502 1710 1554 1752 de
1593 1709 1841 1765 parentibus
1880 1710 1986 1753 meis
2020 1711 2089 1753 vel

142 1805 373 1847 eorundem
407 1802 611 1845 attornati
644 1801 807 1857 aliquid
838 1801 1059 1858 exegerint
1088 1802 1141 1842 de
1173 1800 1373 1856 predictis
1403 1799 1556 1843 abbate
1584 1803 1627 1842 et
1655 1804 1866 1843 conventu
1896 1802 1948 1843 de
1979 1802 2093 1844 dicto

140 1895 314 1938 redditu
345 1898 445 1937 ante
484 1894 723 1950 predictum
754 1892 913 1934 festum
948 1891 1095 1934 Sancti
1129 1891 1390 1933 MICHAELIS
1423 1925 1431 1933 .
1465 1906 1544 1947 ego
1586 1894 1629 1933 et
1667 1891 1841 1934 heredes
1879 1892 1965 1934 mei
2005 1892 2091 1934 sive

139 1989 381 2029 executores
413 1985 497 2028 mei
532 1985 645 2040 ipsos
678 2018 687 2027 .
723 2018 731 2026 .
765 1983 962 2026 abbatem
996 1987 1037 2026 et
1070 1985 1326 2025 conventum
1359 1982 1638 2025 defendemus
1674 1987 1715 2025 et
1755 1983 2090 2039 acquietabimus

139 2093 215 2135 per
262 2081 489 2134 presentes.
551 2077 607 2119 In
658 2076 777 2132 cujus
815 2077 876 2118 rei
917 2075 1210 2118 testimonium
1255 2074 1446 2131 sigillum
1486 2090 1630 2117 meum
1668 2068 1934 2131 presentibus
1984 2076 2090 2118 duxi

139 2170 453 2226 apponendum.

197 2260 363 2303 Datum
402 2260 517 2315 apud
555 2258 762 2301 MARGAN
791 2258 860 2300 die
893 2257 1070 2300 Sabbati
1104 2257 1299 2313 proxima
1337 2260 1433 2312 post
1477 2256 1636 2299 festum
1680 2257 1934 2300 Nativitatis
1973 2256 2087 2299 beati

137 2352 168 2396 J
170 2366 369 2395 OHANNIS
390 2351 613 2393 BAPTISTE
634 2365 746 2392 anno
768 2349 1022 2405 supradicto.

193 2442 296 2485 Two
326 2442 445 2484 seals.
508 2442 547 2494 1,
579 2456 701 2498 gone.
763 2441 804 2492 2,
826 2440 872 2481 in
902 2440 978 2482 red
1008 2454 1115 2491 wax,
1148 2439 1235 2494 {in
1269 2439 1396 2481 diam.
1458 2439 1631 2491 Device‚
1664 2454 1689 2480 a
1718 2439 1828 2481 male
1856 2439 1965 2481 head
1996 2439 2081 2481 and

136 2533 355 2576 shoulders
384 2534 431 2575 in
459 2532 620 2588 profile,
648 2532 827 2587 looking
856 2534 901 2573 to
930 2531 1003 2573 the
1033 2546 1186 2587 proper
1215 2530 1308 2582 left,
1331 2530 1481 2572 within
1511 2545 1536 2571 a
1565 2529 1681 2572 band
1711 2529 1756 2572 of
1784 2529 1874 2572 rich
1902 2532 2079 2585 tracery.

137 2624 317 2682 Legend
338 2624 573 2666 indistinct.

192 2716 488 2758 Endorsed—‘
502 2714 671 2756 Littera
720 2713 1008 2769 acquietancie
1057 2713 1109 2754 de
1169 2712 1198 2755 J
1201 2727 1334 2754 evano
1375 2727 1429 2767 ap
1481 2710 1667 2754 Griffith’
1710 2725 1763 2766 ap
1803 2710 1988 2766 Morgan
2029 2711 2083 2753 de

136 2806 334 2850 omnibus
368 2805 591 2862 arreragiis
630 2820 763 2861 usque
799 2805 854 2847 ad
892 2804 1051 2846 festum
1090 2803 1205 2845 beati
1245 2802 1469 2845 Michaelis
1501 2817 1612 2845 anno
1647 2801 1826 2844 Domini
1860 2808 2081 2843 M.CCC‚L¹¹¹⁰·

136 2897 345 2954 septim0.'
