2386 3645
287 292 398 333 1486

228 481 341 524 Item
386 497 465 537 ego
513 481 543 524 J
545 496 753 523 OHANNES
803 481 1106 523 BLONCAYNEL
1156 481 1254 523 dedi
1293 481 1481 536 predicto
1533 481 1744 523 ROBERTO
1794 479 1983 522 MONSEL
2032 495 2167 522 unum

227 572 493 628 mesuagium
523 571 569 614 in
589 572 693 614 villa
713 573 765 613 de
785 571 1013 614 PENMAYN
1044 572 1089 613 in
1122 587 1205 627 quo
1229 572 1386 613 mansit
1405 571 1435 614 J
1438 585 1646 613 OHANNES
1669 570 1869 613 GIBELOT
1890 574 1932 612 et
1952 573 2093 612 ortum
2122 574 2166 613 et

231 663 350 705 aliud
381 662 648 719 mesuagium
680 663 725 704 in
758 677 841 718 quo
870 662 1027 704 mansit
1048 661 1238 704 Tnoms
1258 661 1441 704 LARGUS
1476 666 1518 703 et
1548 664 1688 703 ortum
1708 660 1786 703 sub
1807 661 1955 703 eadem
1973 660 2169 704 fibertate

225 769 309 810 qua
344 754 382 796 ei
413 754 646 810 predictam
677 757 833 795 terram
869 753 1049 795 concessi
1079 787 1089 795 .
1121 752 1182 794 Et
1202 767 1337 794 unum
1357 752 1650 794 molendinum
1671 753 1784 807 quod
1820 751 2023 794 faciemus
2052 752 2164 794 inter

224 860 293 887 me
328 848 371 887 et
406 844 643 900 predictum
673 844 939 886 ROBERTUM.
1002 843 1267 885 Habendum
1299 842 1379 885 sibi
1410 845 1453 885 et
1481 842 1706 885 heredibus
1736 842 1822 886 suis
1854 842 2165 885 dimidietatem

223 935 339 977 illius
370 934 604 977 molendini
639 933 785 976 diebus
817 934 921 976 meis
953 937 995 975 et
1030 936 1169 976 totum
1201 936 1296 988 post
1326 934 1415 975 dies
1435 948 1560 976 meos.
1622 933 1682 975 Et
1702 938 1752 975 ut
1771 932 1851 975 hac
1869 947 1965 975 mea
1986 933 2162 976 donacio

224 1029 317 1068 rata
337 1025 392 1067 sit
411 1029 454 1067 et
473 1024 636 1067 stabilis
655 1024 754 1066 huic
774 1023 927 1079 scripto
948 1023 1138 1078 sigillum
1157 1038 1300 1065 meum
1322 1024 1510 1079 apposui.
1572 1023 1675 1066 Hiis
1695 1023 1873 1066 testibus
1899 1056 1908 1065 .
1941 1023 2167 1066 Pmmpo

224 1117 277 1159 de
312 1116 450 1159 Nmn
483 1119 586 1158 tuno
618 1115 842 1157 senescallo
877 1114 1088 1156 GOHERIE
1111 1147 1119 1155 .
1145 1113 1376 1157 WALTERO
1407 1113 1626 1156 MONSELL
1647 1117 1750 1156 tunc
1771 1114 2081 1157 constabulario
2112 1115 2166 1157 de

225 1207 422 1251 GOUHER
445 1241 453 1248 .
477 1207 694 1248 MARTmo
714 1206 862 1248 clerico
881 1208 984 1247 tunc
1005 1204 1204 1259 scriptore
1225 1204 1350 1246 castri
1373 1238 1380 1246 .
1406 1204 1618 1246 ROBERTO
1639 1206 1692 1246 de
1722 1204 1893 1247 PENRIS
1917 1238 1925 1247 .
1948 1205 1977 1248 J
1981 1220 2168 1247 OHANNE

222 1299 274 1341 de
298 1297 498 1341 WYLERS
517 1296 724 1339 militibus
743 1330 750 1338 .
776 1295 977 1338 HUGONE
999 1294 1196 1337 Pmmc.
1222 1293 1426 1336 RICARDO
1441 1295 1492 1336 de
1509 1295 1661 1337 BARRI
1681 1328 1689 1336 .
1713 1295 1927 1337 HENRICO
1949 1295 2139 1338 MoNsm,
2157 1330 2165 1338 .

224 1388 438 1431 HENRICO
458 1389 510 1430 de
531 1387 725 1431 Womm
747 1421 756 1428 .
781 1390 824 1429 et
843 1386 991 1428 multis
1011 1385 1118 1427 aliis.

279 1479 376 1521 Seal
396 1479 490 1522 lost.

279 1553 357 1582 This
372 1562 508 1590 appears
524 1555 558 1581 to
573 1552 612 1581 be
629 1551 786 1589 virtually
801 1561 819 1580 a
835 1550 999 1587 duplicate
1015 1550 1048 1579 of
1065 1548 1330 1587 DCCCXCVII.,
1346 1549 1401 1578 the
1415 1549 1490 1579 date
1506 1550 1539 1579 οἱ
1555 1549 1659 1578 which
1676 1550 1701 1579 is
1718 1549 1814 1587 given
1830 1559 1866 1578 as
1882 1550 1958 1580 circ.
1977 1550 2061 1582 1320.
2103 1550 2161 1580 See

231 1610 286 1638 the
301 1613 377 1638 note
391 1612 426 1637 at
442 1609 497 1638 the
511 1609 573 1638 end
590 1608 623 1637 of
646 1608 720 1636 that
742 1610 822 1636 text.

1086 1779 1305 1823 MGXVI.

224 1887 707 1933 GONFIRMATION
758 1887 837 1930 OF
888 1886 1268 1931 PRIVILEGES
1308 1886 1395 1929 BY
1433 1885 1724 1929 RIOHARD
1759 1885 2172 1940 BEAUOHAMP,

298 1979 469 2023 EARL
501 1980 578 2022 OF
609 1978 1006 2031 WOROESTER,
1038 1977 1114 2021 TO
1147 1977 1278 2020 THE
1310 1976 1666 2020 BURGESSES
1698 1977 1777 2020 OF
1809 1976 2098 2020 OARDIFF.

892 2086 1118 2143 [CARDIFF
1154 2084 1508 2141 CORPORATION.]

1370 2193 1425 2234 20
1446 2192 1611 2236 Amin„
1674 2195 1699 2234 9
1722 2192 1847 2235 HEN.
1869 2193 1925 2237 V.
1989 2194 2113 2236 1421.

286 2305 517 2348 RICARDUS
547 2305 599 2347 de
632 2304 786 2346 BELLO
819 2303 976 2346 CAMPO
1010 2317 1147 2345 comes
1174 2301 1426 2345 WIGORNIE
1457 2301 1656 2343 dominus
1680 2301 1719 2343 le
1752 2301 2021 2344 DESPENSER
2048 2305 2092 2344 et
2120 2303 2174 2344 de

230 2396 547 2439 BERGEVENNY
576 2395 772 2437 omnibus
803 2394 998 2437 fidelibus
1028 2395 1084 2436 ad
1114 2408 1218 2450 quos
1252 2395 1466 2449 presentes
1500 2392 1642 2434 littere
1677 2393 1947 2448 pervenerint
1980 2393 2172 2436 salutem.

288 2487 562 2543 Inspeximus
593 2487 958 2529 confirmacionem
985 2485 1154 2527 THOME
1186 2484 1225 2526 10
1250 2484 1520 2526 DESPENSER
1549 2483 1712 2525 domini
1743 2483 2102 2527 GLAMORGANcm
2133 2487 2176 2527 et

233 2579 507 2621 MORGANCIE
527 2578 660 2633 patris
690 2577 910 2620 ISABELLE
942 2576 1144 2619 consortis
1171 2577 1312 2617 nostre
1337 2588 1466 2629 quam
1493 2573 1595 2616 fecit
1625 2573 1908 2631 burgensibus
1938 2575 2092 2618 nostris
2123 2576 2177 2619 de

232 2669 475 2712 KAERDIFF
496 2670 542 2711 in
561 2668 639 2711 hec
659 2668 798 2711 verba.
865 2667 995 2723 (Vide
1017 2666 1100 2709 No.
1123 2665 1341 2721 MLxxm.)

292 2760 351 2803 Et
371 2775 448 2802 nos
467 2760 602 2816 igitur
622 2759 813 2815 prefatus
834 2759 1066 2802 RICARDUS
1087 2759 1139 2800 de
1162 2757 1315 2800 BELLO
1337 2756 1494 2799 Cimo
1509 2771 1647 2798 comes
1668 2754 1914 2799 WIGORNIE
1930 2757 1983 2799 de
1998 2757 2182 2800 uberiori

234 2852 377 2909 gracia
396 2854 541 2894 nostra
561 2851 838 2893 concessimus
857 2850 1034 2907 prefatis
1060 2848 1342 2906 burgensibus
1371 2848 1526 2890 nostris
1552 2847 1779 2890 heredibus
1805 2850 1848 2890 et
1876 2849 2178 2892 successoribus

234 2943 320 2985 suis
340 2942 454 2984 infra
473 2941 659 2998 burgum
682 2945 874 2984 nostrum
893 2941 1132 2997 predictum
1150 2939 1433 2982 residentibus
1453 2940 1567 2995 quod
1588 2938 1623 2981 si
1642 2938 1723 2994 ipsi
1743 2941 1819 2981 aut
1848 2953 1994 2981 eorum
2024 2939 2178 2995 aliquis

235 3035 451 3076 accusatus
470 3033 538 3075 vel
559 3032 814 3075 attachiatus
833 3032 966 3075 fuerit
984 3031 1264 3087 imposterum
1276 3030 1323 3072 in
1343 3029 1548 3072 comitatu
1567 3032 1710 3072 nostro
1727 3028 2087 3072 GLAMORGANCIE
2103 3045 2180 3087 pro
