2386 3645
1974 289 2082 331 1631

202 493 325 536 fossis
353 493 523 535 fossatis
543 491 752 534 warennis
771 491 901 533 vastis
931 491 1180 533 communiis
1211 493 1387 548 octagiis
1407 507 1503 534 cum
1532 492 1674 535 liberis
1704 494 2076 536 consuetudinibus
2099 498 2141 536 et

203 583 400 626 omnibus
438 583 532 626 aljis
571 582 759 638 predicto
799 582 939 624 clauso
979 584 1125 624 vocato
1166 582 1206 624 le
1246 582 1373 624 Gnm
1411 582 1544 624 PARK
1579 586 1622 625 et
1660 584 1780 626 tostis
1819 584 2139 639 pertinentibus.

204 673 441 716 Reddendo
470 674 571 715 inde
592 671 816 715 annuatim
835 671 965 713 michi
994 671 1220 714 heredibus
1244 676 1286 714 et
1317 673 1541 728 assignatis
1571 673 1675 715 meis
1696 674 1875 716 durante
1895 675 1983 716 vita
2012 675 2143 730 ipsius

203 763 233 807 J
235 778 434 806 OHANms
464 777 595 806 unam
623 777 762 805 rosam
791 761 966 804 rubeam
996 763 1051 803 ad
1071 762 1228 804 festum
1249 762 1395 805 Sancti
1414 762 1444 805 J
1446 777 1644 805 oHANle
1665 763 1886 806 BAPTISTE
1908 764 1942 806 si
1961 768 2142 819 petatur.

203 854 469 897 Habendum
490 857 532 897 et
560 854 795 896 tenendum
816 853 960 895 omnia
980 854 1221 908 supradicta
1241 856 1374 896 terras
1394 857 1436 896 et
1465 857 1708 896 tenementa
1729 870 1824 897 cum
1845 855 2039 897 omnibus
2059 855 2145 898 suis

202 945 476 1002 pertinenciis
496 947 545 987 ut
570 943 860 999 supradictum
880 947 941 985 est
971 943 1137 999 prefato
1166 944 1376 987 JOHANNI
1407 948 1449 987 et
1478 945 1703 1001 assignatis
1725 945 1810 987 suis
1831 946 1885 987 ad
1915 945 2145 987 terminum

204 1036 290 1078 vite
310 1036 441 1091 ipsius
460 1035 489 1077 J
492 1049 691 1076 OHANNIS
713 1035 766 1075 de
787 1049 854 1075 me
875 1038 916 1076 et
937 1034 1161 1077 heredibus
1180 1036 1297 1079 meis.
1358 1035 1419 1077 Et
1440 1050 1519 1091 ego
1539 1051 1637 1077 vero
1658 1036 1870 1090 predictus
1889 1035 2146 1077 EDMUNDUS

203 1129 246 1168 et
279 1126 452 1168 heredes
483 1124 566 1166 mei
597 1124 740 1166 omnia
771 1124 1012 1179 supradicta
1042 1128 1174 1167 terras
1203 1130 1245 1168 et
1272 1141 1418 1168 earum
1449 1126 1640 1168 redditus
1669 1130 1712 1168 et
1742 1126 1915 1168 servicia
1941 1129 1982 1168 et
2011 1141 2146 1168 rever-

201 1216 340 1258 ciones
361 1230 456 1257 cum
477 1214 673 1257 omnibus
694 1215 780 1257 suis
800 1215 1112 1270 pertinentibus
1133 1217 1188 1258 ad
1215 1217 1447 1259 terminum
1467 1217 1552 1260 vite
1580 1217 1712 1272 ipsius
1742 1216 1771 1259 J
1774 1231 1973 1258 OHANNIS
2004 1220 2148 1259 contra

202 1320 347 1348 omnes
373 1308 521 1361 gentes
542 1304 912 1347 warantizabimus
943 1306 1274 1361 acquietabimus
1306 1312 1347 1350 et
1377 1307 1665 1350 defendemus.
1727 1307 1783 1350 In
1806 1307 1928 1362 cujus
1948 1307 2009 1349 rei
2030 1308 2146 1350 testi-

200 1396 393 1438 monium
412 1395 512 1437 huic
534 1396 720 1452 presenti
741 1401 853 1438 carte
873 1411 965 1438 mee
981 1397 1172 1451 sigillum
1187 1413 1331 1440 meum
1347 1398 1536 1454 apposui.
1579 1398 1681 1440 Hiis
1701 1397 1879 1440 testibus
1902 1432 1910 1440 .
1930 1398 1959 1441 J
1961 1412 2147 1440 OHANNE

201 1485 403 1530 VEGHAN
440 1520 448 1528 .
485 1485 743 1529 WILLELMO
780 1486 939 1528 SMYTH
974 1520 982 1529 .
1020 1487 1240 1530 JOHANNE
1278 1487 1534 1530 GARDENER
1565 1492 1608 1531 et
1639 1489 1786 1531 multis
1822 1488 1927 1530 aliis.

261 1576 363 1619 Dat'
396 1578 511 1632 apud
542 1576 862 1619 MALMESBURY
892 1592 1024 1620 xxln.
1058 1578 1126 1620 die
1157 1578 1351 1621 Octobris
1376 1593 1488 1620 anno
1507 1579 1631 1634 regni
1652 1580 1784 1635 Regis
1813 1579 2018 1621 HENRICI
2041 1579 2150 1621 sexti

200 1670 295 1723 post
324 1672 603 1723 conquestum
634 1668 844 1710 tricesimo
876 1668 1026 1724 primo.

261 1757 359 1801 Seal
386 1759 462 1800 red
490 1773 598 1810 wax,
632 1758 821 1811 circular,
848 1759 952 1800 with
983 1774 1007 1800 a
1038 1759 1172 1801 shield
1204 1759 1383 1816 bearing
1418 1761 1648 1816 quartessy,
1687 1762 1708 1802 1
1742 1762 1828 1802 and
1859 1763 1897 1803 4.
1960 1760 2084 1816 Paly.
2105 1760 2151 1803 of

205 1849 284 1901 six,
307 1865 332 1891 a
361 1850 554 1892 chevron.
617 1849 891 1892 STRADLING.
954 1850 979 1891 2
1012 1851 1097 1892 and
1128 1851 1168 1901 3,
1199 1850 1318 1892 three
1347 1849 1443 1893 bars
1471 1851 1604 1905 undy.
1666 1850 1953 1892 DAUNTESEY.

262 1940 556 1983 Endorsed—‘
573 1940 603 1983 J
606 1941 795 1983 ohannes
831 1940 951 1995 Hay,
978 1954 1003 1982 a
1026 1941 1136 1982 lease
1164 1940 1209 1982 of
1243 1941 1346 1982 land
1374 1940 1419 1982 of
1453 1940 1641 1982 Lideard
1675 1941 1759 1982 and
1795 1940 2006 1996 Spencer.'

260 2030 409 2059 Edmund
424 2030 591 2068 Stradling
606 2032 632 2060 is
648 2031 698 2060 Sir
713 2031 862 2060 Edmund
878 2031 910 2060 of
932 2030 1190 2060 Winterboume.
1207 2040 1265 2060 son
1280 2032 1313 2060 of
1335 2031 1384 2060 Sir
1398 2031 1486 2060 John
1502 2031 1532 2061 S.
1549 2032 1612 2061 and
1631 2031 1652 2061 J
1655 2041 1717 2061 oan
1733 2032 1929 2069 Dauntesey.

1053 2203 1307 2247 MOXOIV.

201 2310 469 2354 PREOIPE
512 2311 591 2354 OF
627 2311 916 2354 RIOHARD
953 2311 1249 2363 NEVILLE,
1287 2311 1458 2354 EARL
1493 2311 1571 2353 OF
1609 2311 1939 2363 WARWIOK,
1976 2311 2142 2354 LORD

346 2402 424 2444 OF
465 2401 861 2445 GLAMORGAN
909 2402 1044 2444 AND
1095 2402 1376 2454 MORGAN,
1427 2402 1551 2444 FOR
1600 2402 1730 2444 THE
1781 2401 2025 2444 AEREST
2066 2402 2144 2445 OF

346 2492 555 2536 GRONO
597 2493 732 2536 AND
786 2493 1055 2536 HOPKYN
1094 2493 1175 2536 ΑΡ
1215 2493 1578 2536 LLEWELYN
1629 2492 1796 2545 VOIA,
1846 2491 2141 2535 DEBTORS.

913 2592 1143 2650 [MARGAM
1175 2592 1430 2649 CHARTER.]

811 2693 910 2734 Am,
940 2691 1111 2734 SAINTs'
1143 2691 1257 2733 EvE.
1320 2692 1372 2733 31
1407 2691 1506 2733 Oc'r.
1570 2693 1621 2733 31
1655 2690 1780 2733 HEN.
1812 2691 1893 2735 VI.
1958 2691 2080 2732 1452.

258 2789 488 2833 1310stsz
510 2806 645 2833 comes
667 2790 972 2833 WARREWICK
994 2791 1191 2833 dominus
1215 2790 1573 2832 GLAMORGANCIE
1596 2794 1638 2832 et
1667 2790 1941 2832 MORGANCIE
1971 2803 2140 2831 corona-

196 2879 358 2922 toribus
379 2889 420 2922 et
441 2881 637 2923 omnibus
666 2884 709 2923 et
738 2881 919 2937 singulis
950 2881 1117 2923 ballivis
1147 2881 1370 2923 comitatus
1401 2880 1759 2924 GLAMORGANCIE
1792 2883 1834 2923 et
1863 2880 2136 2922 MORGANCIE

200 2985 247 3012 ac
268 2971 462 3013 omnibus
483 2974 525 3013 et
546 2971 726 3027 singulis
756 2971 923 3014 ballivis
953 2972 1144 3013 omnium
1173 2975 1214 3013 et
1245 2971 1511 3027 singulorum
1540 2971 1825 3014 membrorum
1856 2971 2140 3027 predictorum

198 3062 288 3102 tam
307 3060 421 3103 infra
441 3061 700 3104 franchesias
721 3064 763 3105 et
783 3061 999 3104 libertates
1019 3062 1216 3104 villarum
1236 3064 1476 3104 nostrarum
1496 3077 1625 3118 quam
1646 3065 1766 3104 extra
1789 3093 1797 3102 .
1820 3061 2010 3104 salutem.
