<?xml version="1.0" encoding="UTF-8"?>
<!DOCTYPE html PUBLIC "-//W3C//DTD XHTML 1.0 Transitional//EN"
    "http://www.w3.org/TR/xhtml1/DTD/xhtml1-transitional.dtd">
<html xmlns="http://www.w3.org/1999/xhtml" xml:lang="en" lang="en">
 <head>
  <title>
</title>
<meta http-equiv="Content-Type" content="text/html;charset=utf-8" />
  <meta name='ocr-system' content='tesseract 3.04.00' />
  <meta name='ocr-capabilities' content='ocr_page ocr_carea ocr_par ocr_line ocrx_word'/>
</head>
<body>
  <div class='ocr_page' id='page_1' title='image "./cartaeetaliamuni04claruoft_0297.png"; bbox 0 0 2386 3645; ppageno 0'>
   <div class='ocr_carea' id='block_1_1' title="bbox 1887 262 1998 303">
    <p class='ocr_par' dir='ltr' id='par_1_1' title="bbox 1887 262 1998 303">
     <span class='ocr_line' id='line_1_1' title="bbox 1887 262 1998 303; baseline 0 0"><span class='ocrx_word' id='word_1_1' title='bbox 1887 262 1998 303; x_wconf 83' lang='lat'>1407</span> 
     </span>
    </p>
   </div>
   <div class='ocr_carea' id='block_1_2' title="bbox 107 464 2078 1979">
    <p class='ocr_par' dir='ltr' id='par_1_2' title="bbox 107 464 2068 1339">
     <span class='ocr_line' id='line_1_2' title="bbox 111 464 2054 521; baseline 0 -13"><span class='ocrx_word' id='word_1_2' title='bbox 111 469 153 508; x_wconf 88' lang='lat' dir='ltr'>et</span> <span class='ocrx_word' id='word_1_3' title='bbox 188 466 419 508; x_wconf 74' lang='lat' dir='ltr'>declaravit</span> <span class='ocrx_word' id='word_1_4' title='bbox 444 465 558 521; x_wconf 89' lang='lat' dir='ltr'>quod</span> <span class='ocrx_word' id='word_1_5' title='bbox 589 465 679 521; x_wconf 85' lang='lat' dir='ltr'>ipse</span> <span class='ocrx_word' id='word_1_6' title='bbox 709 464 795 507; x_wconf 81' lang='lat' dir='ltr'>fuit</span> <span class='ocrx_word' id='word_1_7' title='bbox 819 464 933 507; x_wconf 90' lang='lat' dir='ltr'>filius</span> <span class='ocrx_word' id='word_1_8' title='bbox 956 469 998 506; x_wconf 90' lang='lat' dir='ltr'>et</span> <span class='ocrx_word' id='word_1_9' title='bbox 1028 464 1147 507; x_wconf 85' lang='lat' dir='ltr'>heres</span> <span class='ocrx_word' id='word_1_10' title='bbox 1173 464 1460 520; x_wconf 84' lang='lat' dir='ltr'>predictorum</span> <span class='ocrx_word' id='word_1_11' title='bbox 1485 465 1515 508; x_wconf 87' lang='lat' dir='ltr'><strong>J</strong></span> <span class='ocrx_word' id='word_1_12' title='bbox 1519 479 1716 508; x_wconf 75' lang='lat' dir='ltr'>onANms</span> <span class='ocrx_word' id='word_1_13' title='bbox 1744 467 1796 509; x_wconf 88' lang='lat' dir='ltr'>de</span> <span class='ocrx_word' id='word_1_14' title='bbox 1826 465 2054 509; x_wconf 59' lang='lat' dir='ltr'>Moenum·</span> 
     </span>
     <span class='ocr_line' id='line_1_3' title="bbox 108 554 2053 612; baseline 0 -13"><span class='ocrx_word' id='word_1_15' title='bbox 108 560 151 598; x_wconf 89' lang='lat' dir='ltr'>et</span> <span class='ocrx_word' id='word_1_16' title='bbox 180 556 334 599; x_wconf 56' lang='lat' dir='ltr'>Amne</span> <span class='ocrx_word' id='word_1_17' title='bbox 369 559 417 599; x_wconf 91' lang='lat' dir='ltr'>ut</span> <span class='ocrx_word' id='word_1_18' title='bbox 449 557 502 598; x_wconf 93' lang='lat' dir='ltr'>de</span> <span class='ocrx_word' id='word_1_19' title='bbox 529 556 654 598; x_wconf 85' lang='lat' dir='ltr'>feodo</span> <span class='ocrx_word' id='word_1_20' title='bbox 689 554 856 597; x_wconf 87' lang='lat' dir='ltr'>talliato</span> <span class='ocrx_word' id='word_1_21' title='bbox 891 557 934 597; x_wconf 86' lang='lat' dir='ltr'>et</span> <span class='ocrx_word' id='word_1_22' title='bbox 966 569 1016 596; x_wconf 86' lang='lat' dir='ltr'>ea</span> <span class='ocrx_word' id='word_1_23' title='bbox 1047 554 1212 597; x_wconf 86' lang='lat' dir='ltr'>ratione</span> <span class='ocrx_word' id='word_1_24' title='bbox 1245 558 1366 597; x_wconf 89' lang='lat' dir='ltr'>vocat</span> <span class='ocrx_word' id='word_1_25' title='bbox 1397 555 1453 597; x_wconf 87' lang='lat' dir='ltr'>ad</span> <span class='ocrx_word' id='word_1_26' title='bbox 1484 556 1755 598; x_wconf 84' lang='lat' dir='ltr'>warrantiam</span> <span class='ocrx_word' id='word_1_27' title='bbox 1789 557 1972 612; x_wconf 85' lang='lat' dir='ltr'>seipsum</span> <span class='ocrx_word' id='word_1_28' title='bbox 2011 559 2053 599; x_wconf 91' lang='lat' dir='ltr'>et</span> 
     </span>
     <span class='ocr_line' id='line_1_4' title="bbox 107 645 2056 704; baseline -0.001 -14"><span class='ocrx_word' id='word_1_29' title='bbox 107 648 346 704; x_wconf 82' lang='lat' dir='ltr'>predictum</span> <span class='ocrx_word' id='word_1_30' title='bbox 386 646 416 689; x_wconf 89' lang='lat' dir='ltr'><strong>J</strong></span> <span class='ocrx_word' id='word_1_31' title='bbox 418 660 644 690; x_wconf 83' lang='lat' dir='ltr'>OHANNEM</span> <span class='ocrx_word' id='word_1_32' title='bbox 683 647 736 688; x_wconf 90' lang='lat' dir='ltr'>de</span> <span class='ocrx_word' id='word_1_33' title='bbox 776 645 945 688; x_wconf 72' lang='lat' dir='ltr'>Bomm</span> <span class='ocrx_word' id='word_1_34' title='bbox 985 648 1036 687; x_wconf 90' lang='lat' dir='ltr'>ut</span> <span class='ocrx_word' id='word_1_35' title='bbox 1067 648 1186 701; x_wconf 88' lang='lat' dir='ltr'>patet</span> <span class='ocrx_word' id='word_1_36' title='bbox 1221 660 1348 701; x_wconf 87' lang='lat' dir='ltr'>supra</span> <span class='ocrx_word' id='word_1_37' title='bbox 1387 645 1434 687; x_wconf 91' lang='lat' dir='ltr'>in</span> <span class='ocrx_word' id='word_1_38' title='bbox 1468 646 1638 688; x_wconf 89' lang='lat' dir='ltr'>recordo</span> <span class='ocrx_word' id='word_1_39' title='bbox 1672 645 1860 701; x_wconf 86' lang='lat' dir='ltr'>predicto</span> <span class='ocrx_word' id='word_1_40' title='bbox 1895 649 1936 689; x_wconf 88' lang='lat' dir='ltr'>et</span> <span class='ocrx_word' id='word_1_41' title='bbox 1970 661 2056 689; x_wconf 90' lang='lat' dir='ltr'>non</span> 
     </span>
     <span class='ocr_line' id='line_1_5' title="bbox 111 735 2054 794; baseline -0.002 -13"><span class='ocrx_word' id='word_1_42' title='bbox 111 739 364 781; x_wconf 87' lang='lat' dir='ltr'>declarando</span> <span class='ocrx_word' id='word_1_43' title='bbox 384 738 431 780; x_wconf 91' lang='lat' dir='ltr'>in</span> <span class='ocrx_word' id='word_1_44' title='bbox 452 737 622 794; x_wconf 87' lang='lat' dir='ltr'>speciali</span> <span class='ocrx_word' id='word_1_45' title='bbox 643 737 826 793; x_wconf 87' lang='lat' dir='ltr'>qualiter</span> <span class='ocrx_word' id='word_1_46' title='bbox 846 739 889 779; x_wconf 85' lang='lat' dir='ltr'>et</span> <span class='ocrx_word' id='word_1_47' title='bbox 909 737 1121 792; x_wconf 86' lang='lat' dir='ltr'>quomodo</span> <span class='ocrx_word' id='word_1_48' title='bbox 1147 736 1236 792; x_wconf 83' lang='lat' dir='ltr'>ipse</span> <span class='ocrx_word' id='word_1_49' title='bbox 1264 736 1350 779; x_wconf 75' lang='lat' dir='ltr'>fuit</span> <span class='ocrx_word' id='word_1_50' title='bbox 1376 736 1496 778; x_wconf 85' lang='lat' dir='ltr'>heres</span> <span class='ocrx_word' id='word_1_51' title='bbox 1525 736 1704 792; x_wconf 77' lang='lat' dir='ltr'>predicti</span> <span class='ocrx_word' id='word_1_52' title='bbox 1725 735 1974 780; x_wconf 68' lang='lat' dir='ltr'>Wummn</span> <span class='ocrx_word' id='word_1_53' title='bbox 2003 737 2054 779; x_wconf 90' lang='lat' dir='ltr'>de</span> 
     </span>
     <span class='ocr_line' id='line_1_6' title="bbox 111 826 2060 885; baseline -0.002 -13"><span class='ocrx_word' id='word_1_54' title='bbox 111 829 322 872; x_wconf 60' lang='lat' dir='ltr'>Brmonsss</span> <span class='ocrx_word' id='word_1_55' title='bbox 347 844 485 885; x_wconf 87' lang='lat' dir='ltr'>neque</span> <span class='ocrx_word' id='word_1_56' title='bbox 505 828 741 884; x_wconf 83' lang='lat' dir='ltr'>predictam</span> <span class='ocrx_word' id='word_1_57' title='bbox 761 827 953 870; x_wconf 81' lang='lat' dir='ltr'>ALINAM</span> <span class='ocrx_word' id='word_1_58' title='bbox 981 841 1119 883; x_wconf 86' lang='lat' dir='ltr'>neque</span> <span class='ocrx_word' id='word_1_59' title='bbox 1143 827 1383 883; x_wconf 88' lang='lat' dir='ltr'>predictum</span> <span class='ocrx_word' id='word_1_60' title='bbox 1411 827 1440 869; x_wconf 83' lang='lat' dir='ltr'><strong>J</strong></span> <span class='ocrx_word' id='word_1_61' title='bbox 1442 841 1668 869; x_wconf 82' lang='lat' dir='ltr'><strong>OHANNEM</strong></span> <span class='ocrx_word' id='word_1_62' title='bbox 1692 828 1745 869; x_wconf 86' lang='lat' dir='ltr'>de</span> <span class='ocrx_word' id='word_1_63' title='bbox 1773 826 1941 869; x_wconf 71' lang='lat' dir='ltr'>Bomm</span> <span class='ocrx_word' id='word_1_64' title='bbox 1969 827 2060 869; x_wconf 81' lang='lat' dir='ltr'>fore</span> 
     </span>
     <span class='ocr_line' id='line_1_7' title="bbox 110 917 2058 975; baseline -0.002 -13"><span class='ocrx_word' id='word_1_65' title='bbox 110 920 286 962; x_wconf 82' lang='lat' dir='ltr'>heredes</span> <span class='ocrx_word' id='word_1_66' title='bbox 317 919 512 975; x_wconf 82' lang='lat' dir='ltr'>ejusdem</span> <span class='ocrx_word' id='word_1_67' title='bbox 551 918 815 962; x_wconf 73' lang='lat' dir='ltr'>WILLELMI.</span> <span class='ocrx_word' id='word_1_68' title='bbox 879 917 974 964; x_wconf 76' lang='lat' dir='ltr'>Que</span> <span class='ocrx_word' id='word_1_69' title='bbox 1015 918 1189 974; x_wconf 90' lang='lat' dir='ltr'>quidem</span> <span class='ocrx_word' id='word_1_70' title='bbox 1228 933 1353 961; x_wconf 85' lang='lat' dir='ltr'>causa</span> <span class='ocrx_word' id='word_1_71' title='bbox 1392 917 1650 960; x_wconf 84' lang='lat' dir='ltr'>insufficiens</span> <span class='ocrx_word' id='word_1_72' title='bbox 1689 917 1775 959; x_wconf 82' lang='lat' dir='ltr'>fuit</span> <span class='ocrx_word' id='word_1_73' title='bbox 1814 918 1870 959; x_wconf 86' lang='lat' dir='ltr'>ad</span> <span class='ocrx_word' id='word_1_74' title='bbox 1909 932 2058 960; x_wconf 82' lang='lat' dir='ltr'>manu-</span> 
     </span>
     <span class='ocr_line' id='line_1_8' title="bbox 111 1007 2065 1065; baseline -0.002 -12"><span class='ocrx_word' id='word_1_75' title='bbox 111 1011 348 1053; x_wconf 86' lang='lat' dir='ltr'>tenendum</span> <span class='ocrx_word' id='word_1_76' title='bbox 380 1010 644 1053; x_wconf 88' lang='lat' dir='ltr'>vocationem</span> <span class='ocrx_word' id='word_1_77' title='bbox 684 1009 928 1065; x_wconf 80' lang='lat' dir='ltr'>predictam.</span> <span class='ocrx_word' id='word_1_78' title='bbox 991 1009 1053 1052; x_wconf 85' lang='lat' dir='ltr'>Et</span> <span class='ocrx_word' id='word_1_79' title='bbox 1092 1009 1138 1052; x_wconf 89' lang='lat' dir='ltr'>in</span> <span class='ocrx_word' id='word_1_80' title='bbox 1178 1009 1256 1052; x_wconf 88' lang='lat' dir='ltr'>hoc</span> <span class='ocrx_word' id='word_1_81' title='bbox 1297 1010 1411 1065; x_wconf 86' lang='lat' dir='ltr'>quod</span> <span class='ocrx_word' id='word_1_82' title='bbox 1449 1008 1676 1065; x_wconf 76' lang='lat' dir='ltr'>justiciarii</span> <span class='ocrx_word' id='word_1_83' title='bbox 1716 1008 1880 1050; x_wconf 77' lang='lat' dir='ltr'>exitum</span> <span class='ocrx_word' id='word_1_84' title='bbox 1918 1007 2065 1063; x_wconf 83' lang='lat' dir='ltr'>placiti</span> 
     </span>
     <span class='ocr_line' id='line_1_9' title="bbox 113 1098 2062 1157; baseline -0.002 -14"><span class='ocrx_word' id='word_1_85' title='bbox 113 1101 293 1157; x_wconf 73' lang='lat' dir='ltr'>predicti</span> <span class='ocrx_word' id='word_1_86' title='bbox 333 1104 607 1157; x_wconf 72' lang='lat' dir='ltr'>acceptarunt</span> <span class='ocrx_word' id='word_1_87' title='bbox 647 1115 772 1156; x_wconf 87' lang='lat' dir='ltr'>super</span> <span class='ocrx_word' id='word_1_88' title='bbox 812 1116 937 1143; x_wconf 87' lang='lat' dir='ltr'>causa</span> <span class='ocrx_word' id='word_1_89' title='bbox 976 1100 1166 1156; x_wconf 90' lang='lat' dir='ltr'>predicta</span> <span class='ocrx_word' id='word_1_90' title='bbox 1204 1100 1477 1143; x_wconf 85' lang='lat' dir='ltr'>insufficienti</span> <span class='ocrx_word' id='word_1_91' title='bbox 1516 1099 1703 1142; x_wconf 89' lang='lat' dir='ltr'>habendi</span> <span class='ocrx_word' id='word_1_92' title='bbox 1744 1098 2062 1141; x_wconf 84' lang='lat' dir='ltr'>advocationem</span> 
     </span>
     <span class='ocr_line' id='line_1_10' title="bbox 116 1189 2068 1249; baseline -0.002 -15"><span class='ocrx_word' id='word_1_93' title='bbox 116 1192 354 1249; x_wconf 82' lang='lat' dir='ltr'>predictam</span> <span class='ocrx_word' id='word_1_94' title='bbox 383 1195 425 1234; x_wconf 89' lang='lat' dir='ltr'>et</span> <span class='ocrx_word' id='word_1_95' title='bbox 453 1207 579 1248; x_wconf 89' lang='lat' dir='ltr'>super</span> <span class='ocrx_word' id='word_1_96' title='bbox 603 1192 682 1234; x_wconf 88' lang='lat' dir='ltr'>tali</span> <span class='ocrx_word' id='word_1_97' title='bbox 711 1207 908 1248; x_wconf 87' lang='lat' dir='ltr'>processu</span> <span class='ocrx_word' id='word_1_98' title='bbox 937 1191 1239 1247; x_wconf 81' lang='lat' dir='ltr'>adjudicarunt</span> <span class='ocrx_word' id='word_1_99' title='bbox 1268 1191 1466 1234; x_wconf 87' lang='lat' dir='ltr'>seisinam</span> <span class='ocrx_word' id='word_1_100' title='bbox 1486 1191 1652 1246; x_wconf 82' lang='lat' dir='ltr'>prefato</span> <span class='ocrx_word' id='word_1_101' title='bbox 1673 1205 1809 1246; x_wconf 85' lang='lat' dir='ltr'>nuper</span> <span class='ocrx_word' id='word_1_102' title='bbox 1841 1189 1985 1232; x_wconf 85' lang='lat' dir='ltr'>comiti</span> <span class='ocrx_word' id='word_1_103' title='bbox 2015 1190 2068 1231; x_wconf 89' lang='lat' dir='ltr'>de</span> 
     </span>
     <span class='ocr_line' id='line_1_11' title="bbox 119 1283 876 1339; baseline -0.003 -13"><span class='ocrx_word' id='word_1_104' title='bbox 119 1283 374 1326; x_wconf 86' lang='lat' dir='ltr'>tenementis</span> <span class='ocrx_word' id='word_1_105' title='bbox 394 1283 595 1339; x_wconf 85' lang='lat' dir='ltr'>predictis</span> <span class='ocrx_word' id='word_1_106' title='bbox 615 1286 876 1325; x_wconf 87' lang='lat' dir='ltr'>erraverunt.</span> 
     </span>
    </p>

    <p class='ocr_par' dir='ltr' id='par_1_3' title="bbox 122 1371 2078 1979">
     <span class='ocr_line' id='line_1_12' title="bbox 180 1371 2073 1430; baseline -0.002 -14"><span class='ocrx_word' id='word_1_107' title='bbox 180 1374 241 1416; x_wconf 89' lang='lat' dir='ltr'>Et</span> <span class='ocrx_word' id='word_1_108' title='bbox 261 1374 314 1417; x_wconf 92' lang='lat' dir='ltr'>ob</span> <span class='ocrx_word' id='word_1_109' title='bbox 343 1389 501 1416; x_wconf 82' lang='lat' dir='ltr'>errores</span> <span class='ocrx_word' id='word_1_110' title='bbox 528 1374 740 1430; x_wconf 86' lang='lat' dir='ltr'>predictos</span> <span class='ocrx_word' id='word_1_111' title='bbox 768 1377 809 1415; x_wconf 86' lang='lat' dir='ltr'>et</span> <span class='ocrx_word' id='word_1_112' title='bbox 838 1373 943 1416; x_wconf 83' lang='lat' dir='ltr'>alios</span> <span class='ocrx_word' id='word_1_113' title='bbox 975 1388 1134 1416; x_wconf 86' lang='lat' dir='ltr'>errores</span> <span class='ocrx_word' id='word_1_114' title='bbox 1164 1373 1210 1415; x_wconf 90' lang='lat' dir='ltr'>in</span> <span class='ocrx_word' id='word_1_115' title='bbox 1239 1374 1410 1416; x_wconf 88' lang='lat' dir='ltr'>recordo</span> <span class='ocrx_word' id='word_1_116' title='bbox 1442 1376 1484 1415; x_wconf 93' lang='lat' dir='ltr'>et</span> <span class='ocrx_word' id='word_1_117' title='bbox 1511 1387 1705 1428; x_wconf 86' lang='lat' dir='ltr'>processu</span> <span class='ocrx_word' id='word_1_118' title='bbox 1733 1386 1858 1427; x_wconf 85' lang='lat' dir='ltr'>super</span> <span class='ocrx_word' id='word_1_119' title='bbox 1886 1371 2073 1426; x_wconf 86' lang='lat' dir='ltr'>predicto</span> 
     </span>
     <span class='ocr_line' id='line_1_13' title="bbox 122 1461 2074 1520; baseline -0.003 -12"><span class='ocrx_word' id='word_1_120' title='bbox 122 1465 240 1508; x_wconf 83' lang='lat' dir='ltr'>brevi</span> <span class='ocrx_word' id='word_1_121' title='bbox 279 1466 333 1507; x_wconf 88' lang='lat' dir='ltr'>de</span> <span class='ocrx_word' id='word_1_122' title='bbox 372 1467 486 1507; x_wconf 93' lang='lat' dir='ltr'>recto</span> <span class='ocrx_word' id='word_1_123' title='bbox 521 1464 679 1507; x_wconf 87' lang='lat' dir='ltr'>habitis</span> <span class='ocrx_word' id='word_1_124' title='bbox 719 1467 939 1507; x_wconf 86' lang='lat' dir='ltr'>contentos</span> <span class='ocrx_word' id='word_1_125' title='bbox 978 1464 1192 1520; x_wconf 72' lang='lat' dir='ltr'>predictus</span> <span class='ocrx_word' id='word_1_126' title='bbox 1242 1479 1379 1506; x_wconf 86' lang='lat' dir='ltr'>comes</span> <span class='ocrx_word' id='word_1_127' title='bbox 1430 1463 1727 1506; x_wconf 76' lang='lat' dir='ltr'>NoTYNGHAM</span> <span class='ocrx_word' id='word_1_128' title='bbox 1780 1462 1907 1517; x_wconf 87' lang='lat' dir='ltr'>peciit</span> <span class='ocrx_word' id='word_1_129' title='bbox 1961 1461 2074 1516; x_wconf 89' lang='lat' dir='ltr'>quod</span> 
     </span>
     <span class='ocr_line' id='line_1_14' title="bbox 122 1551 2072 1613; baseline -0.003 -14"><span class='ocrx_word' id='word_1_130' title='bbox 122 1556 333 1613; x_wconf 84' lang='lat' dir='ltr'>judicium</span> <span class='ocrx_word' id='word_1_131' title='bbox 364 1571 490 1612; x_wconf 85' lang='lat' dir='ltr'>super</span> <span class='ocrx_word' id='word_1_132' title='bbox 519 1556 707 1612; x_wconf 87' lang='lat' dir='ltr'>predicto</span> <span class='ocrx_word' id='word_1_133' title='bbox 738 1555 856 1598; x_wconf 85' lang='lat' dir='ltr'>brevi</span> <span class='ocrx_word' id='word_1_134' title='bbox 892 1556 944 1598; x_wconf 90' lang='lat' dir='ltr'>de</span> <span class='ocrx_word' id='word_1_135' title='bbox 976 1558 1090 1598; x_wconf 86' lang='lat' dir='ltr'>recto</span> <span class='ocrx_word' id='word_1_136' title='bbox 1118 1555 1175 1597; x_wconf 88' lang='lat' dir='ltr'>sic</span> <span class='ocrx_word' id='word_1_137' title='bbox 1208 1555 1395 1598; x_wconf 90' lang='lat' dir='ltr'>erronice</span> <span class='ocrx_word' id='word_1_138' title='bbox 1428 1569 1504 1610; x_wconf 92' lang='lat' dir='ltr'>pro</span> <span class='ocrx_word' id='word_1_139' title='bbox 1537 1554 1726 1610; x_wconf 89' lang='lat' dir='ltr'>predicto</span> <span class='ocrx_word' id='word_1_140' title='bbox 1754 1567 1890 1608; x_wconf 84' lang='lat' dir='ltr'>nuper</span> <span class='ocrx_word' id='word_1_141' title='bbox 1921 1551 2072 1594; x_wconf 87' lang='lat' dir='ltr'>comite</span> 
     </span>
     <span class='ocr_line' id='line_1_15' title="bbox 123 1642 2074 1704; baseline -0.004 -13"><span class='ocrx_word' id='word_1_142' title='bbox 123 1663 267 1691; x_wconf 87' lang='lat' dir='ltr'>versus</span> <span class='ocrx_word' id='word_1_143' title='bbox 306 1648 523 1704; x_wconf 86' lang='lat' dir='ltr'>prefatum</span> <span class='ocrx_word' id='word_1_144' title='bbox 562 1647 592 1691; x_wconf 88' lang='lat' dir='ltr'><strong>J</strong></span> <span class='ocrx_word' id='word_1_145' title='bbox 595 1662 821 1690; x_wconf 83' lang='lat' dir='ltr'><strong>OHANNEM</strong></span> <span class='ocrx_word' id='word_1_146' title='bbox 855 1648 907 1690; x_wconf 87' lang='lat' dir='ltr'>de</span> <span class='ocrx_word' id='word_1_147' title='bbox 940 1647 1171 1689; x_wconf 78' lang='lat' dir='ltr'>MOUBRAY</span> <span class='ocrx_word' id='word_1_148' title='bbox 1206 1647 1258 1688; x_wconf 92' lang='lat' dir='ltr'>de</span> <span class='ocrx_word' id='word_1_149' title='bbox 1293 1646 1546 1688; x_wconf 68' lang='lat' dir='ltr'>Axmomss</span> <span class='ocrx_word' id='word_1_150' title='bbox 1580 1659 1708 1687; x_wconf 84' lang='lat' dir='ltr'>avum</span> <span class='ocrx_word' id='word_1_151' title='bbox 1743 1643 1876 1699; x_wconf 84' lang='lat' dir='ltr'>ipsius</span> <span class='ocrx_word' id='word_1_152' title='bbox 1910 1642 2074 1685; x_wconf 87' lang='lat' dir='ltr'>comitis</span> 
     </span>
     <span class='ocr_line' id='line_1_16' title="bbox 123 1734 2077 1795; baseline -0.004 -13"><span class='ocrx_word' id='word_1_153' title='bbox 123 1739 410 1782; x_wconf 76' lang='lat' dir='ltr'>NOTINGHAM</span> <span class='ocrx_word' id='word_1_154' title='bbox 433 1739 556 1795; x_wconf 82' lang='lat' dir='ltr'>cujus</span> <span class='ocrx_word' id='word_1_155' title='bbox 576 1739 696 1781; x_wconf 88' lang='lat' dir='ltr'>heres</span> <span class='ocrx_word' id='word_1_156' title='bbox 716 1739 804 1795; x_wconf 87' lang='lat' dir='ltr'>ipse</span> <span class='ocrx_word' id='word_1_157' title='bbox 826 1742 889 1781; x_wconf 86' lang='lat' dir='ltr'>est</span> <span class='ocrx_word' id='word_1_158' title='bbox 908 1738 1124 1781; x_wconf 86' lang='lat' dir='ltr'>redditum</span> <span class='ocrx_word' id='word_1_159' title='bbox 1152 1740 1369 1780; x_wconf 85' lang='lat' dir='ltr'>revocetur</span> <span class='ocrx_word' id='word_1_160' title='bbox 1400 1741 1443 1779; x_wconf 90' lang='lat' dir='ltr'>et</span> <span class='ocrx_word' id='word_1_161' title='bbox 1473 1736 1720 1778; x_wconf 82' lang='lat' dir='ltr'>adnulletur</span> <span class='ocrx_word' id='word_1_162' title='bbox 1751 1738 1794 1778; x_wconf 90' lang='lat' dir='ltr'>et</span> <span class='ocrx_word' id='word_1_163' title='bbox 1821 1735 1935 1790; x_wconf 89' lang='lat' dir='ltr'>quod</span> <span class='ocrx_word' id='word_1_164' title='bbox 1962 1734 2077 1775; x_wconf 91' lang='lat' dir='ltr'>idem</span> 
     </span>
     <span class='ocr_line' id='line_1_17' title="bbox 127 1824 2078 1886; baseline -0.004 -13"><span class='ocrx_word' id='word_1_165' title='bbox 127 1845 264 1874; x_wconf 86' lang='lat' dir='ltr'>comes</span> <span class='ocrx_word' id='word_1_166' title='bbox 294 1830 580 1873; x_wconf 78' lang='lat' dir='ltr'>NOTINGHAM</span> <span class='ocrx_word' id='word_1_167' title='bbox 611 1831 666 1872; x_wconf 83' lang='lat' dir='ltr'>ad</span> <span class='ocrx_word' id='word_1_168' title='bbox 695 1830 998 1886; x_wconf 84' lang='lat' dir='ltr'>possessionem</span> <span class='ocrx_word' id='word_1_169' title='bbox 1027 1830 1313 1885; x_wconf 84' lang='lat' dir='ltr'>predictorum</span> <span class='ocrx_word' id='word_1_170' title='bbox 1338 1828 1461 1870; x_wconf 83' lang='lat' dir='ltr'>cast-ri</span> <span class='ocrx_word' id='word_1_171' title='bbox 1489 1831 1531 1870; x_wconf 91' lang='lat' dir='ltr'>et</span> <span class='ocrx_word' id='word_1_172' title='bbox 1558 1831 1668 1869; x_wconf 85' lang='lat' dir='ltr'>terre</span> <span class='ocrx_word' id='word_1_173' title='bbox 1696 1827 1749 1869; x_wconf 92' lang='lat' dir='ltr'>de</span> <span class='ocrx_word' id='word_1_174' title='bbox 1779 1824 1951 1868; x_wconf 69' lang='lat' dir='ltr'>Growssn</span> <span class='ocrx_word' id='word_1_175' title='bbox 1981 1838 2078 1866; x_wconf 89' lang='lat' dir='ltr'>cum</span> 
     </span>
     <span class='ocr_line' id='line_1_18' title="bbox 127 1916 2078 1979; baseline -0.005 -14"><span class='ocrx_word' id='word_1_176' title='bbox 127 1921 396 1979; x_wconf 84' lang='lat' dir='ltr'>pertinentiis</span> <span class='ocrx_word' id='word_1_177' title='bbox 427 1937 514 1964; x_wconf 87' lang='lat' dir='ltr'>una</span> <span class='ocrx_word' id='word_1_178' title='bbox 547 1937 643 1964; x_wconf 88' lang='lat' dir='ltr'>cum</span> <span class='ocrx_word' id='word_1_179' title='bbox 675 1921 860 1964; x_wconf 82' lang='lat' dir='ltr'>exitibus</span> <span class='ocrx_word' id='word_1_180' title='bbox 896 1924 938 1963; x_wconf 90' lang='lat' dir='ltr'>et</span> <span class='ocrx_word' id='word_1_181' title='bbox 964 1921 1160 1977; x_wconf 84' lang='lat' dir='ltr'>proficuis</span> <span class='ocrx_word' id='word_1_182' title='bbox 1193 1936 1218 1962; x_wconf 87' lang='lat' dir='ltr'>a</span> <span class='ocrx_word' id='word_1_183' title='bbox 1250 1923 1438 1975; x_wconf 89' lang='lat' dir='ltr'>tempore</span> <span class='ocrx_word' id='word_1_184' title='bbox 1467 1918 1613 1961; x_wconf 79' lang='lat' dir='ltr'>mortis</span> <span class='ocrx_word' id='word_1_185' title='bbox 1640 1917 1819 1973; x_wconf 88' lang='lat' dir='ltr'>predicti</span> <span class='ocrx_word' id='word_1_186' title='bbox 1845 1916 1876 1959; x_wconf 89' lang='lat' dir='ltr'><strong>J</strong></span> <span class='ocrx_word' id='word_1_187' title='bbox 1878 1929 2078 1958; x_wconf 80' lang='lat' dir='ltr'>OHANNIS</span> 
     </span>
    </p>
   </div>
   <div class='ocr_carea' id='block_1_3' title="bbox 129 2010 1485 2140">
    <p class='ocr_par' dir='ltr' id='par_1_4' title="bbox 129 2010 1485 2140">
     <span class='ocr_line' id='line_1_19' title="bbox 129 2010 1485 2068; baseline -0.003 -13"><span class='ocrx_word' id='word_1_188' title='bbox 129 2014 181 2055; x_wconf 91' lang='lat' dir='ltr'>de</span> <span class='ocrx_word' id='word_1_189' title='bbox 201 2013 432 2055; x_wconf 82' lang='lat' dir='ltr'>MOUBRAY</span> <span class='ocrx_word' id='word_1_190' title='bbox 453 2013 505 2055; x_wconf 90' lang='lat' dir='ltr'>de</span> <span class='ocrx_word' id='word_1_191' title='bbox 525 2012 778 2056; x_wconf 84' lang='lat' dir='ltr'><strong>AXIHOLME</strong></span> <span class='ocrx_word' id='word_1_192' title='bbox 799 2012 899 2055; x_wconf 87' lang='lat' dir='ltr'>inde</span> <span class='ocrx_word' id='word_1_193' title='bbox 921 2011 1128 2068; x_wconf 86' lang='lat' dir='ltr'>perceptis</span> <span class='ocrx_word' id='word_1_194' title='bbox 1149 2010 1397 2053; x_wconf 85' lang='lat' dir='ltr'>restituatur</span> <span class='ocrx_word' id='word_1_195' title='bbox 1420 2043 1430 2052; x_wconf 86' lang='lat'><strong>.</strong></span> <span class='ocrx_word' id='word_1_196' title='bbox 1451 2024 1485 2051; x_wconf 81' lang='lat' dir='ltr'>J.</span> 
     </span>
     <span class='ocr_line' id='line_1_20' title="bbox 955 2100 1267 2140; baseline -0.003 -9"><span class='ocrx_word' id='word_1_197' title='bbox 955 2103 1002 2140; x_wconf 85' lang='lat'>(1)</span> <span class='ocrx_word' id='word_1_198' title='bbox 1027 2101 1134 2131; x_wconf 72' lang='lat' dir='ltr'>Blank</span> <span class='ocrx_word' id='word_1_199' title='bbox 1148 2101 1182 2130; x_wconf 71' lang='lat' dir='ltr'>in</span> <span class='ocrx_word' id='word_1_200' title='bbox 1199 2100 1267 2130; x_wconf 80' lang='lat' dir='ltr'>MS.</span> 
     </span>
    </p>
   </div>
   <div class='ocr_carea' id='block_1_4' title="bbox 143 2169 2069 2379">
    <p class='ocr_par' dir='ltr' id='par_1_5' title="bbox 143 2169 2069 2379">
     <span class='ocr_line' id='line_1_21' title="bbox 192 2169 2068 2213; baseline -0.004 -8"><span class='ocrx_word' id='word_1_201' title='bbox 192 2175 252 2205; x_wconf 85' lang='lat' dir='ltr'>Mr.</span> <span class='ocrx_word' id='word_1_202' title='bbox 268 2175 373 2213; x_wconf 79' lang='lat' dir='ltr'>Floyd</span> <span class='ocrx_word' id='word_1_203' title='bbox 388 2175 497 2213; x_wconf 79' lang='lat' dir='ltr'>points</span> <span class='ocrx_word' id='word_1_204' title='bbox 513 2179 571 2205; x_wconf 79' lang='lat' dir='ltr'>out</span> <span class='ocrx_word' id='word_1_205' title='bbox 585 2175 658 2204; x_wconf 81' lang='lat' dir='ltr'>that</span> <span class='ocrx_word' id='word_1_206' title='bbox 674 2175 729 2205; x_wconf 85' lang='lat' dir='ltr'>the</span> <span class='ocrx_word' id='word_1_207' title='bbox 746 2174 821 2204; x_wconf 86' lang='lat' dir='ltr'>Earl</span> <span class='ocrx_word' id='word_1_208' title='bbox 837 2176 870 2204; x_wconf 78' lang='lat' dir='ltr'>of</span> <span class='ocrx_word' id='word_1_209' title='bbox 892 2174 1055 2204; x_wconf 79' lang='lat' dir='ltr'>Warwick</span> <span class='ocrx_word' id='word_1_210' title='bbox 1072 2174 1135 2203; x_wconf 78' lang='lat' dir='ltr'>had</span> <span class='ocrx_word' id='word_1_211' title='bbox 1150 2182 1192 2203; x_wconf 89' lang='lat' dir='ltr'>no</span> <span class='ocrx_word' id='word_1_212' title='bbox 1207 2172 1304 2202; x_wconf 85' lang='lat' dir='ltr'>claim</span> <span class='ocrx_word' id='word_1_213' title='bbox 1319 2172 1353 2201; x_wconf 89' lang='grc'>111</span> <span class='ocrx_word' id='word_1_214' title='bbox 1367 2172 1434 2201; x_wconf 85' lang='lat' dir='ltr'>this</span> <span class='ocrx_word' id='word_1_215' title='bbox 1449 2172 1515 2201; x_wconf 81' lang='lat' dir='ltr'>suit</span> <span class='ocrx_word' id='word_1_216' title='bbox 1530 2177 1565 2201; x_wconf 78' lang='lat' dir='ltr'>to</span> <span class='ocrx_word' id='word_1_217' title='bbox 1581 2172 1636 2200; x_wconf 82' lang='lat' dir='ltr'>the</span> <span class='ocrx_word' id='word_1_218' title='bbox 1650 2171 1728 2200; x_wconf 82' lang='lat' dir='ltr'>land</span> <span class='ocrx_word' id='word_1_219' title='bbox 1751 2170 1786 2200; x_wconf 80' lang='lat' dir='ltr'>of</span> <span class='ocrx_word' id='word_1_220' title='bbox 1807 2169 1933 2206; x_wconf 78' lang='lat' dir='ltr'>Gower,</span> <span class='ocrx_word' id='word_1_221' title='bbox 1954 2169 2005 2197; x_wconf 82' lang='lat' dir='ltr'>for</span> <span class='ocrx_word' id='word_1_222' title='bbox 2026 2177 2068 2197; x_wconf 84' lang='lat' dir='ltr'>an</span> 
     </span>
     <span class='ocr_line' id='line_1_22' title="bbox 143 2227 2067 2269; baseline -0.004 -8"><span class='ocrx_word' id='word_1_223' title='bbox 143 2231 221 2260; x_wconf 79' lang='lat' dir='ltr'>Earl</span> <span class='ocrx_word' id='word_1_224' title='bbox 236 2231 306 2261; x_wconf 86' lang='lat' dir='ltr'>sold</span> <span class='ocrx_word' id='word_1_225' title='bbox 321 2231 347 2260; x_wconf 80' lang='lat' dir='ltr'>it</span> <span class='ocrx_word' id='word_1_226' title='bbox 362 2234 397 2260; x_wconf 84' lang='lat' dir='ltr'>to</span> <span class='ocrx_word' id='word_1_227' title='bbox 411 2231 526 2269; x_wconf 83' lang='lat' dir='ltr'>Hem-y</span> <span class='ocrx_word' id='word_1_228' title='bbox 542 2231 609 2267; x_wconf 81' lang='lat'>11.;</span> <span class='ocrx_word' id='word_1_229' title='bbox 632 2240 684 2260; x_wconf 83' lang='lat' dir='ltr'>see</span> <span class='ocrx_word' id='word_1_230' title='bbox 699 2231 780 2269; x_wconf 85' lang='lat' dir='ltr'>Pipe</span> <span class='ocrx_word' id='word_1_231' title='bbox 796 2231 872 2260; x_wconf 87' lang='lat' dir='ltr'>Roll</span> <span class='ocrx_word' id='word_1_232' title='bbox 888 2232 935 2268; x_wconf 84' lang='lat'>30,</span> <span class='ocrx_word' id='word_1_233' title='bbox 957 2230 1069 2268; x_wconf 87' lang='lat' dir='ltr'>Henry</span> <span class='ocrx_word' id='word_1_234' title='bbox 1092 2229 1148 2267; x_wconf 77' lang='lat' dir='ltr'>IL,</span> <span class='ocrx_word' id='word_1_235' title='bbox 1171 2229 1305 2258; x_wconf 88' lang='lat' dir='ltr'>London</span> <span class='ocrx_word' id='word_1_236' title='bbox 1327 2228 1392 2257; x_wconf 81' lang='lat' dir='ltr'>and</span> <span class='ocrx_word' id='word_1_237' title='bbox 1413 2227 1606 2265; x_wconf 79' lang='lat' dir='ltr'>Middlesex,</span> <span class='ocrx_word' id='word_1_238' title='bbox 1630 2227 1733 2256; x_wconf 85' lang='lat' dir='ltr'>where</span> <span class='ocrx_word' id='word_1_239' title='bbox 1754 2234 1875 2263; x_wconf 81' lang='lat' dir='ltr'>among</span> <span class='ocrx_word' id='word_1_240' title='bbox 1896 2228 2067 2262; x_wconf 75' lang='lat' dir='ltr'>payments</span> 
     </span>
     <span class='ocr_line' id='line_1_23' title="bbox 144 2279 2069 2324; baseline -0.004 -9"><span class='ocrx_word' id='word_1_241' title='bbox 144 2287 237 2316; x_wconf 84' lang='lat' dir='ltr'>made</span> <span class='ocrx_word' id='word_1_242' title='bbox 264 2286 310 2324; x_wconf 90' lang='lat' dir='ltr'>by</span> <span class='ocrx_word' id='word_1_243' title='bbox 332 2286 387 2315; x_wconf 85' lang='lat' dir='ltr'>the</span> <span class='ocrx_word' id='word_1_244' title='bbox 411 2286 547 2316; x_wconf 83' lang='lat' dir='ltr'>Sheriffs</span> <span class='ocrx_word' id='word_1_245' title='bbox 572 2290 606 2316; x_wconf 84' lang='lat' dir='ltr'>to</span> <span class='ocrx_word' id='word_1_246' title='bbox 631 2287 686 2316; x_wconf 84' lang='lat' dir='ltr'>the</span> <span class='ocrx_word' id='word_1_247' title='bbox 710 2286 880 2324; x_wconf 81' lang='lat' dir='ltr'>following</span> <span class='ocrx_word' id='word_1_248' title='bbox 902 2289 997 2324; x_wconf 77' lang='lat' dir='ltr'>entry</span> <span class='ocrx_word' id='word_1_249' title='bbox 1021 2285 1104 2314; x_wconf 79' lang='lat' dir='ltr'>‘and</span> <span class='ocrx_word' id='word_1_250' title='bbox 1128 2285 1160 2314; x_wconf 83' lang='lat' dir='ltr'>in</span> <span class='ocrx_word' id='word_1_251' title='bbox 1184 2284 1337 2322; x_wconf 83' lang='lat' dir='ltr'>quitance</span> <span class='ocrx_word' id='word_1_252' title='bbox 1360 2283 1437 2312; x_wconf 87' lang='lat' dir='ltr'>Earl</span> <span class='ocrx_word' id='word_1_253' title='bbox 1463 2283 1495 2312; x_wconf 80' lang='lat' dir='ltr'>of</span> <span class='ocrx_word' id='word_1_254' title='bbox 1527 2282 1686 2312; x_wconf 83' lang='lat' dir='ltr'>Warwick</span> <span class='ocrx_word' id='word_1_255' title='bbox 1712 2282 1763 2311; x_wconf 80' lang='lat' dir='ltr'>for</span> <span class='ocrx_word' id='word_1_256' title='bbox 1787 2281 1865 2310; x_wconf 82' lang='lat' dir='ltr'>land</span> <span class='ocrx_word' id='word_1_257' title='bbox 1889 2281 1922 2309; x_wconf 76' lang='lat' dir='ltr'>of</span> <span class='ocrx_word' id='word_1_258' title='bbox 1947 2279 2069 2309; x_wconf 81' lang='lat' dir='ltr'>Guhier</span> 
     </span>
     <span class='ocr_line' id='line_1_24' title="bbox 145 2342 295 2379; baseline 0 -8"><span class='ocrx_word' id='word_1_259' title='bbox 145 2342 237 2379; x_wconf 73' lang='lat' dir='ltr'>xliiii.</span> <span class='ocrx_word' id='word_1_260' title='bbox 252 2342 295 2371; x_wconf 84' lang='lat' dir='ltr'>li.&#39;</span> 
     </span>
    </p>
   </div>
  </div>
 </body>
</html>
