2386 3645
1915 293 2025 335 1495

140 490 314 544 Smrrn,
339 493 495 535 vicario
526 494 577 535 de
608 492 856 535 SWAYNSEY
890 493 1080 549 predicta
1113 528 1120 536 .
1151 494 1181 537 J
1183 509 1370 537 OHANNE
1410 495 1545 537 DYER
1578 497 1792 552 capellano
1831 499 2080 541 ,JOHANNE

139 582 325 625 ROBERT
358 616 366 625 .
398 583 429 626 J
431 598 618 625 OHANNE
649 583 810 626 BOUNT
832 618 840 626 .
865 584 1123 628 WILLELMO
1142 584 1329 627 AUSTYN
1350 588 1392 628 et
1411 586 1558 628 multis
1579 587 1684 629 aliis.

196 674 362 716 Datum
382 676 497 730 apud
517 674 766 716 SWAYNSEY
785 675 1072 729 supradictam
1093 676 1289 718 vicesimo
1310 677 1447 732 primo
1481 677 1549 720 die
1574 676 1738 734 Aprilis
1773 694 1884 722 anno
1919 681 2081 723 domini

139 764 365 807 millesimo
386 765 804 821 quadringentesimo
826 765 1023 808 vicesimo
1052 768 1249 808 secundo.

198 855 296 899 Seal
315 856 409 898 lost.

987 1048 1235 1092 MOXXII.

136 1162 606 1206 SAFE-OONDUCT
648 1163 735 1206 BY
766 1164 996 1207 HENRY
1026 1165 1097 1218 V„
1129 1165 1202 1208 As
1235 1165 1467 1209 PRINOE
1499 1166 1577 1209 OF
1607 1166 1818 1210 SOUTH
1848 1167 2081 1220 WALES,

280 1254 358 1296 ΤΟ
390 1254 660 1307 THOMAS,
693 1254 901 1298 ABBOT
934 1256 1013 1298 OF
1042 1256 1332 1310 MARGAM,
1363 1257 1498 1300 AND
1528 1258 1711 1311 JOHN,
1755 1258 1963 1301 ABBOT
2005 1259 2083 1302 OF

280 1345 517 1397 NEATH,
559 1345 682 1388 FOR
722 1345 926 1388 THEIR
959 1346 1203 1390 GOMING
1249 1348 1400 1392 INTO
1455 1348 1585 1391 THE
1639 1348 1948 1392 OOUNTIES
2005 1349 2084 1392 OF

281 1436 725 1479 OARMARTHEN
767 1437 901 1480 AND
944 1437 1286 1481 OARDIGAN.

850 1554 1081 1611 [MARGAM
1113 1556 1370 1613 CHARTER]

1221 1657 1277 1697 24
1306 1655 1470 1698 APRIL.
1534 1656 1588 1698 10
1620 1656 1745 1699 ΗΕΝ.
1778 1657 1833 1700 V.
1898 1657 2023 1699 1422.

189 1761 430 1804 HEchns
450 1761 535 1804 Dei
556 1762 695 1817 gratia
717 1762 813 1804 Rex
833 1763 1017 1804 ANGLIE
1039 1766 1082 1805 et
1102 1763 1308 1804 FRANCIE
1331 1766 1372 1805 et
1393 1763 1592 1805 dominus
1613 1763 1854 1805 HmERNm
1885 1763 2081 1806 omnibus

131 1854 186 1894 ad
207 1868 311 1908 quos
331 1858 545 1908 presentes
566 1853 688 1895 litere
709 1854 980 1909 pervenerint
1002 1854 1194 1896 salutem.

190 1944 342 1986 Sciatis
361 1959 438 1986 nos
459 1944 622 1986 dedisse
642 1947 683 1986 et
716 1945 964 1986 concessisse
994 1945 1158 1987 dilectis
1187 1945 1309 1987 nobis
1337 1944 1504 1987 ΤΗΟΜΕ
1533 1945 1677 1987 abbati
1709 1946 1762 1987 de
1789 1945 2009 1987 MARGAN’
2038 1948 2082 1988 et

130 2034 160 2078 J
163 2049 337 2077 OHANNI
374 2035 519 2077 abbati
558 2036 610 2077 de
643 2035 811 2077 NETHE
848 2040 890 2078 et
926 2052 1071 2078 eorum
1112 2036 1284 2078 cuilibet
1324 2036 1488 2078 salvum
1522 2040 1564 2078 et
1600 2051 1791 2078 securum
1825 2038 2080 2080 conductum

130 2126 330 2168 veniendi
363 2126 579 2168 recidendi
610 2127 856 2168 reveniendi
891 2128 1178 2169 commorandi
1211 2130 1253 2169 et
1286 2127 1400 2169 salvo
1435 2128 1712 2182 permanendi
1743 2127 1984 2183 ubicunque
2021 2128 2080 2169 eis

128 2217 364 2274 placuerint
407 2216 522 2259 infra
552 2217 776 2259 comitatus
804 2219 857 2259 de
887 2218 1183 2260 KERMERDYN
1213 2221 1256 2260 et
1292 2217 1532 2260 CARDIGAN
1571 2233 1666 2260 cum
1703 2218 1898 2261 omnibus
1933 2234 2077 2261 eorum

129 2307 250 2350 bonis
271 2312 312 2350 et
334 2308 497 2350 catallis
520 2323 545 2350 a
565 2309 634 2349 die
657 2308 931 2351 confectionis
951 2309 1212 2364 presentium
1233 2324 1449 2365 quousque
1471 2324 1523 2350 ex
1543 2312 1664 2365 parte
1695 2310 1913 2351 camerarii
1944 2310 2077 2352 nostri

124 2397 455 2440 SOUTHWALLIE
478 2398 545 2440 vel
565 2398 659 2454 ejus
679 2399 819 2441 locum
849 2400 1034 2441 tenentis
1061 2400 1422 2455 premunicionem
1449 2399 1677 2442 habuerint
1709 2403 1869 2455 septem
1901 2401 2067 2443 dierum

128 2489 285 2545 absque
306 2490 588 2531 arrestacione
610 2491 859 2545 gravamine
880 2491 1177 2533 molestacione
1208 2492 1420 2533 occasione
1445 2495 1521 2533 aut
1550 2491 1855 2546 impedimento
1884 2491 2072 2546 aliquali.

125 2580 182 2623 In
203 2581 326 2637 cujus
345 2581 407 2623 rei
434 2581 728 2623 testimonium
761 2582 952 2637 sigillum
987 2582 1234 2624 cancellarie
1269 2585 1411 2624 nostre
1445 2581 1777 2624 SOUTHWALLIE
1811 2582 2074 2638 presentibus

126 2674 189 2714 est
209 2686 456 2727 appensum.

183 2762 349 2805 Datum
369 2763 485 2818 apud
505 2762 803 2804 KERMERDYN
825 2765 1008 2804 xmetO·
1040 2763 1108 2804 die
1128 2762 1292 2818 Aprilis
1313 2778 1425 2805 anno
1444 2763 1568 2820 regni
1588 2763 1721 2805 nostri
1741 2763 1914 2805 decimo.

184 2853 327 2908 Royal
348 2854 433 2895 seal
454 2853 499 2895 of
519 2853 592 2895 the
614 2853 821 2908 chancery
843 2853 887 2895 of
908 2853 1061 2895 Soum
1082 2853 1264 2905 WALEs,
1286 2853 1604 2909 creamy-white
1626 2869 1732 2905 wax,
1754 2853 1987 2909 imperfect.

188 2945 367 2987 obverse.
430 2943 521 2985 The
542 2944 648 3000 king
668 2944 713 2985 in
734 2944 849 2999 plate
870 2959 1052 2996 armour,
1074 2944 1178 2986 with
1198 2945 1310 2987 loose
1331 2945 1487 2987 sleeves
1508 2944 1692 3000 charged
1712 2944 1816 2986 With
1836 2944 1909 2986 the
1932 2944 2074 3000 Royal

123 3050 234 3077 arms
284 3034 330 3077 of
369 3034 556 3076 FRANCE
595 3035 771 3076 modern
812 3035 897 3076 and
929 3034 1157 3077 ENGLAND
1190 3035 1421 3090 quar‘cerly,
1452 3035 1588 3088 shield
1615 3034 1660 3077 of
1694 3034 1767 3077 the
1802 3050 1916 3077 same
1948 3049 2073 3086 arms,
