2386 3645
1893 265 2003 306 1515

207 475 393 532 predicte
424 476 570 516 contra
590 487 736 515 eorum
756 472 1022 514 voluntatem
1043 471 1097 512 ad
1127 470 1271 525 aliqua
1299 469 1508 511 facienda.
1569 469 1630 511 Et
1656 471 1761 512 tales
1791 475 1890 513 sunt
1918 471 2062 515 bunde

209 565 457 608 libertatum
487 578 632 607 eorum
664 562 860 604 videlicet
890 576 916 602 a
945 563 1058 602 terra
1089 563 1237 602 vocata
1272 558 1429 601 LLOYN
1464 559 1594 602 GRYM
1631 576 1684 602 ex
1715 565 1834 616 parte
1870 562 2066 605 orientali

209 671 342 712 usque
394 656 449 697 ad
493 654 681 710 regalem
724 652 839 694 viam
883 667 965 708 que
1007 651 1125 693 ducit
1166 666 1191 692 a
1233 651 1422 706 predicta
1465 650 1569 692 villa
1611 666 1743 706 usque
1785 653 1840 694 ad
1881 653 2064 708 patriam

211 748 263 789 de
296 746 425 789 Gmm
468 746 662 788 RomNE
694 747 736 786 et
772 758 798 785 a
829 743 899 784 via
935 757 1017 797 que
1057 742 1175 784 ducit
1213 743 1266 784 de
1297 755 1444 797 campo
1474 744 1622 784 vocato
1654 742 1904 785 BRINRUTH
1933 759 2066 799 usque

209 839 266 880 ad
295 838 454 879 vadum
484 837 598 891 quod
637 834 794 876 dicitur
834 834 1232 876 RYDYPONTHELIK
1272 848 1324 875 ex
1363 835 1483 888 parte
1522 833 1772 875 occidentali
1812 836 1854 875 et
1893 849 1918 875 a
1956 837 2068 877 terra

209 932 312 971 tunc
351 926 561 984 M[Anoc]
606 941 660 981 ap
701 924 918 967 GADoGAN
958 925 1154 967 DORTHY
1193 924 1239 966 in
1289 923 1448 966 boreali
1486 926 1607 979 parte
1645 938 1778 978 usque
1818 925 1873 966 ad
1912 926 2068 967 terram

212 1020 467 1063 dominicam
494 1017 674 1060 manerii
701 1016 834 1059 nostri
863 1017 916 1058 de
948 1015 1132 1058 CLOUNE
1163 1016 1208 1057 in
1239 1018 1358 1071 parte
1389 1015 1564 1056 australi
1594 1017 1637 1057 et
1667 1030 1692 1056 a
1721 1017 1834 1056 terra
1861 1015 2072 1057 dominica

211 1111 404 1168 ejusdem
434 1109 613 1152 manerii
642 1108 776 1151 nostri
805 1108 850 1149 in
881 1111 1001 1163 parte
1032 1107 1228 1149 orientali
1273 1122 1406 1162 usque
1439 1107 1494 1148 ad
1525 1108 1682 1147 terram
1717 1108 1820 1147 tunc
1859 1105 1983 1147 REEs
2019 1120 2072 1161 ap

213 1203 387 1245 OWEYN
409 1204 451 1243 et
471 1201 727 1257 participum
749 1214 920 1242 suorum
940 1200 987 1241 in
1008 1203 1128 1254 parte
1160 1198 1409 1240 occidentali
1429 1200 1472 1239 et
1496 1213 1522 1239 a
1543 1198 1728 1252 quodam
1748 1197 1906 1239 fossato
1927 1199 2073 1239 vocato

211 1293 441 1336 KLAVYTH
472 1292 710 1335 GWYLKYN
740 1291 904 1333 vachan
933 1290 979 1332 in
1009 1293 1129 1346 parte
1158 1289 1317 1332 boreali
1346 1304 1479 1344 usque
1509 1288 1563 1330 ad
1592 1288 1750 1329 vadum
1771 1290 1967 1329 vocatum
1983 1287 2075 1329 Ru)

214 1384 372 1428 Gomm
402 1399 455 1425 ex
475 1386 595 1438 parte
615 1383 792 1424 australi
812 1382 939 1424 simul
960 1397 1057 1423 cum
1077 1397 1164 1423 una
1195 1397 1292 1423 acra
1320 1384 1431 1422 terre
1462 1383 1504 1422 et
1533 1380 1646 1435 prati
1677 1394 1758 1434 que
1788 1378 1901 1434 jacet
1930 1393 2005 1433 per
2035 1392 2078 1420 se

209 1475 334 1517 iuxta
355 1475 487 1516 altam
506 1473 620 1515 viam
643 1488 725 1527 que
746 1472 863 1514 ducit
891 1473 944 1514 de
975 1471 1226 1514 BRINRUTH
1258 1486 1402 1513 versus
1433 1469 1723 1513 COUBRUGGE.
1787 1468 2078 1511 Concessimus

215 1566 347 1608 eciam
369 1566 483 1620 quod
502 1564 734 1620 burgenses
754 1564 887 1606 nostri
916 1563 1095 1619 predicti
1116 1578 1203 1605 esse
1234 1578 1321 1605 non
1342 1563 1526 1605 debeant
1552 1564 1785 1617 receptores
1806 1560 2077 1603 denariorum

213 1659 453 1698 nostrorum
473 1654 556 1696 nisi
575 1658 746 1697 tantum
768 1656 821 1697 de
852 1655 1036 1697 denariis
1065 1654 1319 1697 exeuntibus
1349 1655 1401 1696 de
1430 1653 1590 1696 balliva
1619 1652 1856 1709 prepositus
1886 1650 2079 1706 ejusdem

213 1747 317 1789 ville
337 1750 479 1788 nostre
499 1761 576 1788 nec
593 1746 748 1801 aliquis
764 1746 925 1788 seldam
939 1749 1130 1801 apertam
1151 1747 1203 1788 de
1220 1745 1432 1801 aliquibus
1447 1745 1751 1787 merchandisis
1766 1761 1843 1790 nec
1858 1747 2080 1789 tabernam

214 1853 293 1880 nec
313 1837 403 1880 corf
423 1837 585 1879 faciant
604 1837 650 1879 in
681 1838 829 1879 eadem
859 1837 962 1879 villa
992 1840 1137 1879 nostra
1166 1837 1249 1878 nisi
1278 1837 1410 1879 fuerit
1440 1852 1536 1879 cum
1565 1837 1765 1892 predictis
1794 1836 2079 1894 burgensibus

214 1928 368 1971 nostris
397 1928 581 1970 lotatum
613 1932 656 1969 et
687 1930 896 1970 scotatum
917 1931 960 1969 et
988 1927 1104 1969 infra
1134 1927 1312 1983 guldam
1342 1927 1589 1970 libertatum
1619 1931 1822 1983 receptus.
1898 1927 2080 1970 Necnon

214 2020 494 2062 concessimus
514 2019 672 2061 eisdem
699 2018 984 2075 burgensibus
1013 2019 1168 2061 nostris
1198 2020 1310 2074 quod
1341 2019 1423 2074 ipsi
1453 2023 1495 2060 et
1526 2034 1776 2061 successores
1807 2019 1872 2061 sui
1903 2019 2080 2075 guidam

215 2111 328 2153 inter
347 2125 417 2153 eos
436 2110 574 2153 facere
595 2111 758 2166 possint
779 2126 862 2166 quo
884 2114 1073 2166 tempore
1095 2114 1136 2151 et
1166 2111 1504 2165 quandocunque
1524 2110 1737 2152 voluerint
1758 2111 1814 2152 ad
1843 2110 2079 2166 proficuum

215 2202 416 2258 ipsorum.
479 2201 539 2244 Et
560 2203 673 2257 quod
694 2202 896 2258 distringi
916 2217 1002 2244 non
1024 2201 1207 2244 debeant
1228 2217 1303 2257 pro
1324 2201 1468 2243 debito
1499 2201 1682 2257 alicujus
1701 2201 1785 2243 nisi
1806 2200 2016 2243 debitores
2037 2202 2079 2242 et

215 2293 349 2349 plegii
368 2307 444 2348 pro
465 2294 613 2335 eodem
629 2293 792 2334 fuerint
808 2295 851 2334 et
866 2293 979 2348 quod
995 2293 1140 2334 nullus
1160 2292 1342 2334 ballivus
1362 2295 1504 2334 noster
1524 2292 1660 2334 colore
1679 2291 1852 2334 ballivie
1873 2306 1945 2333 sue
1966 2305 2078 2332 sum-

215 2384 474 2426 moniciones
494 2398 568 2425 seu
591 2383 924 2426 attachiamenta
944 2383 1075 2425 faeiat
1095 2398 1168 2425 seu
1188 2382 1303 2425 infra
1332 2383 1498 2425 bundas
1525 2383 1734 2438 predictas
1762 2381 2079 2423 distrincionem

215 2474 355 2529 capiat
394 2474 477 2516 nisi
516 2478 688 2516 tantum
728 2473 1065 2516 constabularius
1094 2474 1220 2516 castri
1259 2474 1394 2516 nostri
1433 2475 1485 2515 de
1520 2472 1807 2515 LANTmssEN
1848 2476 1889 2514 et
1930 2471 2078 2513 ballivi

217 2565 410 2621 ejusdem
440 2566 541 2608 ville
572 2566 646 2621 qui
675 2581 750 2621 per
779 2566 891 2621 ipsos
921 2565 1153 2622 burgenses
1183 2566 1346 2608 fuerint
1365 2566 1488 2608 electi
1509 2568 1551 2608 et
1571 2566 1685 2620 quod
1714 2567 1964 2606 mercatores
1985 2578 2081 2605 cum

217 2671 364 2698 eorum
385 2656 689 2698 merchandisis
709 2655 812 2698 alibi
834 2671 921 2698 non
947 2659 1166 2698 transeant
1197 2672 1324 2712 quam
1354 2671 1430 2712 per
1458 2657 1621 2712 regales
1650 2656 1740 2697 vias
1769 2670 1844 2711 per
1874 2655 1998 2696 villas
2027 2654 2079 2695 de

216 2745 377 2803 burgis.
429 2747 501 2789 Ita
522 2748 636 2803 quod
652 2762 728 2789 nos
743 2762 822 2789 nec
837 2747 1011 2790 heredes
1026 2748 1160 2790 nostri
1175 2747 1387 2790 tolnetum
1403 2750 1596 2789 nostrum
1611 2761 1688 2788 nec
1704 2747 1822 2788 aliud
1839 2748 2080 2787 custumum

214 2836 341 2879 nobis
356 2837 549 2880 debitum
570 2837 713 2893 aliquo
733 2840 922 2894 tempore
943 2838 1202 2880 amittamus.
1266 2837 1555 2880 Concessimus
1576 2837 1708 2879 eciam
1730 2837 1843 2891 quod
1863 2835 2007 2877 nullus
2027 2835 2080 2876 de

219 2926 502 2983 burgensibus
530 2928 684 2970 nostris
712 2928 914 2984 predictis
943 2928 1036 2984 capi
1066 2943 1143 2971 nec
1173 2928 1442 2984 imprisonari
1473 2927 1624 2970 debeat
1653 2941 1729 2982 pro
1769 2925 1982 2981 aliquibus
2011 2939 2081 2967 eos

217 3017 497 3074 tangentibus
537 3019 641 3060 dum
676 3018 1054 3074 manucapcionem
1089 3034 1163 3061 seu
1201 3019 1394 3075 plegium
1433 3020 1609 3074 possunt
1647 3017 1839 3059 invenire
1869 3015 1952 3058 nisi
1983 3029 2082 3058 casu
