2386 3645
290 286 400 328 1180

1038 499 1348 544 DCOGOLIV.

225 620 640 665 FOUNDATION
672 619 749 661 oF
779 618 909 660 THE
942 615 1254 659 HOSPLTAL
1284 614 1361 656 OF
1397 612 1478 655 ST.
1512 612 1716 655 DAVID
1747 613 1829 656 AT
1862 612 2163 656 SWANSEA

401 712 486 754 BY
527 709 757 753 HENRY
796 708 880 751 DE
922 707 1160 757 GOWER,
1204 704 1432 747 BISHOP
1473 703 1550 745 OF
1591 703 1672 746 ST.
1719 703 1979 747 DAVID's.

771 815 943 872 [Hm.
969 814 1061 856 MS.
1088 815 1211 863 1:249,
1238 812 1264 853 f.
1293 811 1415 862 103b,
1438 826 1477 866 p.
1501 810 1622 866 204]

1397 920 1416 960 l
1441 918 1559 960 Am.
1625 920 1649 959 6
1672 917 1800 959 Enw.
1826 917 1918 959 III.
1982 918 2107 960 1332.
2273 918 2290 943 χ

281 1034 335 1076 In
371 1034 541 1076 nomine
575 1031 883 1088 gloriosissimae
917 1032 957 1070 et
991 1027 1221 1069 individuae
1259 1026 1483 1069 Trinitatis
1508 1025 1648 1067 Patris
1683 1031 1724 1066 et
1761 1024 1865 1066 Filii
1900 1028 1941 1067 et
1981 1025 2170 1080 Spiritus

223 1125 380 1176 Sancti,
404 1125 556 1166 Amen.

279 1215 370 1258 Nos
391 1215 629 1256 HENRIcUs
658 1214 709 1254 de
741 1211 953 1254 GOHERIA
987 1209 1254 1266 permissione
1277 1209 1423 1250 divina
1452 1208 1749 1250 MENEVENSIS
1776 1206 1994 1263 episcopus
2020 1208 2164 1250 confisi

219 1307 272 1348 de
304 1305 456 1347 summi
490 1318 630 1346 rerum
667 1307 708 1345 et
742 1301 948 1344 bonorum
982 1300 1141 1356 opificis
1166 1299 1355 1341 bonitate
1377 1313 1542 1340 necnon
1564 1297 1753 1353 ejusdem
1774 1298 1924 1352 gratiae
1950 1297 2163 1340 defunctae

217 1396 346 1438 innisi
367 1396 439 1450 qui
460 1397 557 1436 vota
577 1393 797 1435 hominum
818 1407 895 1447 pro
915 1406 990 1433 sua
1012 1390 1231 1432 voluntate
1253 1390 1307 1431 ad
1328 1389 1489 1432 bonum
1510 1389 1661 1444 dirigit
1682 1392 1723 1430 et
1744 1389 1941 1444 disponit.

275 1486 384 1528 Sane
413 1486 467 1527 ad
495 1485 629 1526 instar
656 1483 941 1525 SAMARITANI
972 1481 1190 1537 alligantis
1219 1479 1546 1522 misericorditer
1580 1479 1696 1521 illius
1726 1480 1900 1521 vulnera
1925 1478 2163 1521 semianimi

215 1577 287 1633 qui
312 1576 461 1618 incidit
487 1575 532 1617 in
558 1575 740 1616 latrones
773 1573 1000 1615 sentientes
1031 1587 1128 1613 eum
1155 1571 1407 1627 erigendum
1435 1575 1477 1612 et
1510 1571 1794 1632 reparandum
1824 1570 1914 1611 fore
1946 1569 2164 1626 potissime

211 1683 286 1723 per
313 1682 437 1722 opera
463 1665 632 1721 pietatis
657 1665 769 1719 quod
800 1663 946 1719 utique
973 1663 1171 1705 nonnulli
1203 1662 1397 1704 catholici
1426 1662 1608 1717 episcopi
1638 1665 1679 1703 et
1708 1661 1782 1703 alii
1805 1661 1992 1703 CHRISTI
2014 1660 2160 1703 fideles

212 1758 366 1800 Sancta
407 1756 627 1798 devotione
666 1758 890 1810 pensantes
930 1754 973 1795 in
1006 1753 1216 1809 plerisque
1250 1753 1401 1794 mundi
1434 1751 1624 1808 partibus
1650 1767 1724 1807 per
1755 1752 1846 1793 loca
1878 1751 2025 1793 divina
2052 1751 2158 1793 cele-

210 1848 426 1891 brantium
467 1852 593 1902 atque
634 1860 869 1901 pauperum
910 1844 1120 1886 alimoniis
1163 1848 1368 1899 perpetuo
1420 1843 1667 1899 deputanda
1707 1843 1759 1884 de
1811 1842 1896 1883 suis
1946 1841 2066 1884 bonis
2116 1845 2159 1883 et

211 1938 538 1995 possessionibus
558 1942 796 1979 construere
817 1937 1105 1986 decreverunt,
1127 1950 1309 1990 quorum
1338 1934 1636 1990 disposiciones
1667 1932 1855 1975 salubres
1884 1933 1986 1987 ipsis
2015 1947 2160 1974 revera

209 2030 414 2071 divinitus
435 2028 614 2083 inspirat
635 2042 681 2069 ac
702 2027 773 2082 pia
795 2027 985 2067 volentes
1008 2030 1056 2067 ut
1078 2026 1275 2067 convenit
1303 2025 1505 2080 amplecti
1535 2023 1752 2066 desiderio
1770 2023 1954 2078 ipsisque
1982 2037 2157 2064 summae

210 2120 488 2163 solicitudinis
509 2118 648 2160 studio
670 2118 882 2159 adhaerere
917 2151 925 2158 .
960 2116 1029 2158 Ne
1062 2117 1160 2158 caeci
1187 2117 1422 2158 sacerdotes
1450 2115 1653 2171 decrepiti
1682 2114 1923 2169 viribusque
1951 2114 2158 2168 corporeis

210 2211 403 2254 destituti
444 2216 486 2252 et
526 2210 598 2251 alii
644 2224 847 2265 pauperes
888 2209 932 2250 in
985 2209 1228 2264 episcopatu
1279 2207 1553 2249 MENEVENsl
1599 2206 1684 2248 suis
1733 2208 1936 2260 perpetuo
1986 2207 2156 2246 careant

207 2302 419 2345 alimentis
440 2302 484 2343 in
506 2301 751 2343 scandalum
772 2300 870 2342 cleri
898 2303 939 2341 et
961 2299 1143 2341 ecclesiae
1177 2299 1467 2341 mendicantes
1491 2331 1498 2340 .
1523 2297 1591 2339 De
1613 2311 1816 2339 consensu
1836 2295 1999 2338 domini
2020 2295 2152 2336 nostri

208 2393 341 2448 Regis
367 2393 562 2434 Axmm:
595 2396 636 2432 et
672 2391 940 2432 dominorum
966 2390 1046 2432 loci
1074 2391 1289 2445 quoddam
1319 2389 1526 2444 hospitale
1553 2388 1599 2429 in
1627 2387 1829 2429 honorem
1860 2386 1972 2428 beati
1997 2385 2155 2427 Divm

208 2483 506 2539 archicpiscopi
527 2486 569 2524 et
591 2481 836 2524 confessoris
857 2481 1026 2537 patroni
1042 2481 1176 2523 nostri
1196 2496 1272 2536 pro
1294 2481 1429 2522 salute
1451 2480 1606 2521 animae
1627 2482 1781 2520 nostrae
1804 2477 2154 2532 praedeoessorum

209 2577 252 2615 et
291 2572 611 2629 progenitorum
651 2576 890 2613 nostrorum
940 2572 993 2613 de
1034 2572 1155 2613 terris
1197 2574 1239 2612 et
1278 2569 1608 2625 possessionibus
1646 2567 1892 2624 patrimonii
1934 2566 2066 2608 nostri
2105 2566 2151 2607 in

212 2662 562 2719 SWEYNES[EYE]
588 2666 631 2704 et
656 2662 749 2703 aliis
780 2662 1001 2717 adquisitis
1031 2676 1106 2717 pro
1127 2677 1198 2704 sex
1221 2661 1449 2716 capellanis
1470 2661 1524 2702 ad
1556 2660 1691 2702 instar
1712 2658 1863 2700 senarii
1884 2658 2050 2699 numeri
2079 2656 2154 2711 qui

210 2757 274 2796 est
308 2768 509 2796 numerus
540 2752 751 2809 perfectus
783 2752 827 2794 in
862 2753 974 2795 dicto
1015 2752 1197 2808 hospitio
1229 2752 1410 2808 singulis
1443 2751 1592 2794 diebus
1626 2765 1702 2806 pro
1738 2749 1846 2791 vivis
1872 2751 1915 2790 et
1942 2747 2154 2790 defunctis

207 2844 487 2899 infrascriptis
507 2843 721 2898 perpetuis
736 2843 996 2899 temporibus
1016 2843 1162 2885 divina
1179 2842 1450 2885 celebraturis
1472 2845 1514 2884 et
1536 2841 1630 2883 aliis
1650 2839 1908 2896 pauperibus
1927 2837 2155 2893 capellanis

206 2938 250 2978 et
269 2934 385 2976 laicis
406 2934 612 2989 corporeis
631 2933 790 2976 viribus
811 2933 1025 2976 destitutis
1053 2933 1341 2976 sustentandis
1368 2932 1414 2974 in
1442 2932 1589 2974 eodem
1616 2930 1815 2986 hospitali
1845 2929 2077 2971 fundamus
2104 2929 2163 2972 inu

206 3022 558 3080 Swnwmffnrn]
584 3024 773 3080 predicta
793 3039 918 3079 super
938 3024 1060 3067 terris
1081 3023 1334 3066 tenementis
1355 3027 1396 3066 et
1417 3021 1654 3065 redditibus
1678 3020 1857 3063 inferius
1887 3020 2146 3076 specificatis.
