2386 3645
278 261 390 304 1346

1084 482 1309 527 MXLVI.

221 592 524 636 CHARTER
565 592 644 635 OF
685 590 1171 635 GONFIRMATION
1212 590 1300 634 BY
1341 589 1600 633 THOMAS
1641 590 1727 633 DE
1758 588 2175 642 BEAUGHAMP,

362 683 535 727 EARL
594 683 674 726 OF
733 682 1057 727 WARWIGK
1115 681 1250 725 AND
1312 681 1482 724 LORD
1543 681 1622 723 OF
1669 679 1912 733 GOWER,
1964 679 2041 723 ΤΟ
2092 679 2175 724 ST.

363 774 616 821 DAVID'S
665 773 994 827 HOSPITAL,
1046 772 1362 818 sWANSEA.

835 881 1011 939 [HARL.
1045 880 1278 932 CHAerz,
1311 880 1366 922 83
1397 879 1454 922 D.
1486 878 1581 936 26.]

632 989 821 1033 SUNDAY
852 1003 1001 1031 AFTER
1030 988 1352 1030 MICHAELMAS.
1414 988 1441 1029 2
1473 986 1575 1029 Ocr.
1637 987 1664 1029 3
1696 956 1831 1029 RIcH.
1863 986 1929 1029 II.
1992 987 2117 1029 1379.

273 1098 498 1142 Universis
531 1100 673 1141 sancte
705 1097 854 1139 matris
894 1097 1065 1139 ecclesie
1105 1095 1205 1138 filiis
1243 1096 1298 1137 ad
1339 1109 1521 1150 quorum
1556 1094 1759 1137 noticiam
1798 1097 2015 1151 presentes
2054 1095 2176 1138 litere

219 1190 492 1246 pervenerint
512 1189 702 1232 THOMAs
723 1189 776 1230 de
803 1187 1108 1230 BELLocAMPo
1136 1200 1274 1228 comes
1304 1185 1563 1230 WAREWICI
1588 1220 1596 1228 .
1619 1188 1662 1228 et
1697 1186 1897 1228 dominus
1931 1185 2177 1229 GOUHERIE

215 1282 396 1324 salutem
417 1281 463 1323 in
485 1279 657 1323 domino
679 1279 993 1335 sempiternam.
1056 1277 1124 1321 Ob
1145 1277 1319 1320 sinceris
1344 1277 1431 1332 (sio)
1450 1277 1692 1320 dileccionis
1712 1278 1759 1320 in
1779 1277 1953 1320 domino
1973 1278 2177 1321 affectum

212 1375 255 1415 et
270 1375 438 1429 gratam
455 1371 725 1414 effeccionem
739 1386 867 1427 quam
884 1385 1013 1426 penes
1033 1370 1238 1412 dilectum
1255 1369 1456 1412 clericum
1476 1372 1670 1412 nostrum
1691 1369 1941 1412 RICARDUM
1958 1369 2105 1413 OOLET
2121 1371 2175 1413 de

212 1463 404 1506 SUTTON’
418 1462 673 1519 magistrum
693 1462 914 1518 hospitalis
929 1461 1044 1504 beati
1064 1461 1221 1504 DAvn)
1244 1461 1297 1503 de
1314 1459 1624 1503 SWEYNESEYE
1645 1461 1885 1517 capellanos
1905 1464 1949 1504 et
1968 1476 2176 1518 pauperes

209 1555 256 1597 in
287 1555 434 1597 eodem
465 1555 668 1610 degentes
698 1553 885 1609 gerimus
916 1556 958 1594 et
987 1552 1193 1594 habemus
1224 1555 1266 1594 et
1297 1555 1346 1594 ut
1386 1552 1627 1608 predictum
1666 1551 1875 1608 hospitale
1910 1553 2097 1595 securius
2131 1555 2176 1595 et

208 1645 380 1688 uberius
400 1646 572 1687 dotetur
592 1659 640 1686 ac
661 1644 790 1686 etiam
815 1646 863 1686 ut
894 1659 970 1686 nos
998 1644 1291 1700 progenitores
1317 1645 1361 1686 et
1385 1643 1563 1685 heredes
1591 1643 1727 1685 nostri
1757 1643 1888 1685 simus
1919 1643 2176 1699 principales

207 1737 456 1779 fundatores
477 1738 520 1778 et
539 1735 764 1791 participes
786 1735 978 1777 omnium
998 1734 1209 1777 bonorum
1229 1734 1275 1776 in
1297 1735 1446 1777 eodem
1467 1734 1668 1790 hospitali
1688 1734 1901 1777 factorum
1922 1735 1991 1777 vel
2011 1735 2171 1778 facien-

207 1829 358 1871 dorum
378 1829 428 1870 ut
447 1827 494 1869 in
515 1827 672 1869 divinis
694 1825 904 1882 obsequiis
926 1830 967 1868 et
988 1825 1083 1868 aliis
1104 1825 1301 1882 operibus
1330 1825 1530 1877 caritatis,
1554 1825 1822 1868 concedimus
1844 1829 1887 1868 et
1907 1826 2170 1869 ratificamus

205 1934 282 1975 pro
302 1919 424 1961 nobis
445 1921 487 1960 et
507 1917 735 1960 heredibus
755 1917 910 1960 nostris
932 1919 1142 1973 quantum
1164 1917 1211 1959 in
1241 1916 1364 1959 nobis
1385 1919 1449 1959 est
1468 1916 1636 1972 prefato
1667 1916 1832 1959 custodi
1853 1919 1895 1959 et
1927 1918 2171 1960 successori·-

203 2010 283 2054 bus
302 2011 388 2053 suis
408 2009 637 2066 capellanis
658 2011 699 2052 et
719 2009 978 2065 pauperibus
998 2009 1192 2065 ejusdem
1211 2008 1434 2064 hospitalis
1453 2007 1562 2050 inibi
1583 2007 1838 2064 degentibus
1853 2008 2171 2065 imperpetuum

206 2102 345 2145 locum
365 2101 489 2143 illum
510 2115 607 2143 cum
627 2100 900 2156 pertinenciis
922 2115 1047 2156 super
1067 2115 1196 2156 quem
1217 2100 1380 2142 dictum
1400 2098 1609 2155 hospitale
1626 2099 1887 2141 construitur
1903 2101 1946 2141 et
1962 2099 2169 2142 scituatur

206 2207 294 2235 una
314 2207 410 2235 cum
432 2191 628 2234 omnibus
649 2191 743 2234 aliis
763 2191 886 2234 terris
905 2191 1145 2234 redditibus
1166 2193 1209 2233 et
1229 2190 1414 2233 serviciis
1435 2205 1532 2232 cum
1553 2188 1751 2232 omnibus
1768 2191 1810 2231 et
1826 2189 2008 2245 singulis
2021 2205 2169 2233 eorum

206 2283 480 2340 pertinenciis
493 2297 575 2338 que
589 2282 727 2324 eidem
742 2282 944 2338 hospitali
956 2298 1031 2338 per
1043 2282 1153 2325 bone
1165 2282 1368 2324 memorie
1385 2281 1643 2323 HENRICUM
1660 2281 1826 2323 dudum
1842 2281 2168 2324 MENEVENSEM

206 2376 449 2432 episcopum
469 2374 573 2416 dicti
592 2373 813 2429 hospitalis
826 2373 1100 2416 fundatorem
1122 2375 1196 2415 aut
1210 2387 1497 2429 quoscumque
1513 2372 1617 2414 alios
1638 2372 1805 2414 datores
1824 2372 2003 2415 fuerunt
2016 2373 2169 2415 collata

206 2467 293 2510 sive
315 2466 463 2523 quovis
483 2466 567 2508 alio
588 2466 713 2508 modo
734 2466 952 2522 assignata
972 2467 1027 2508 ad
1047 2465 1405 2508 sustentacionem
1420 2465 1632 2506 dictorum
1649 2464 1835 2506 custodis
1851 2465 2168 2520 capellanorum

206 2561 249 2601 et
269 2572 506 2614 pauperum
526 2557 630 2599 dicti
649 2556 871 2612 hospitalis
903 2590 912 2599 .
945 2557 1227 2600 Concedimus
1248 2557 1379 2599 etiam
1400 2558 1443 2598 et
1471 2555 1692 2598 licenciam
1723 2555 1918 2598 dedimus
1948 2571 2024 2612 pro
2045 2556 2168 2599 nobis

207 2652 250 2692 et
269 2648 496 2692 heredibus
515 2647 670 2690 nostris
691 2650 899 2703 quantum
919 2648 966 2690 in
986 2648 1108 2691 nobis
1129 2650 1192 2691 est
1219 2648 1332 2691 dicto
1364 2647 1529 2690 custodi
1554 2648 1597 2688 et
1621 2646 1925 2689 successoribus
1945 2647 2031 2689 suis
2052 2648 2167 2703 quod

207 2740 429 2797 adquirere
449 2739 613 2792 possint
632 2738 790 2795 viginti
810 2739 987 2782 libratas
1008 2740 1277 2782 ecclesiarum
1304 2741 1415 2781 terre
1435 2738 1504 2780 vel
1532 2737 1726 2780 redditus
1756 2738 1872 2780 infra
1900 2739 2165 2794 precinctum

205 2835 314 2876 terre
335 2834 477 2874 nostre
497 2832 549 2872 de
572 2829 744 2873 GovaR
765 2833 807 2873 et
826 2830 1076 2887 hujusmodi
1095 2834 1229 2873 terras
1249 2830 1337 2873 sive
1367 2829 1560 2872 redditus
1580 2828 1661 2871 sibi
1681 2831 1723 2871 et
1745 2829 2049 2873 successoribus
2079 2830 2165 2873 suis

204 2922 475 2979 appropriare
496 2924 539 2964 et
557 2921 603 2963 in
624 2921 815 2977 proprios
835 2937 936 2964 usus
955 2925 1113 2974 tenere,
1136 2923 1296 2964 statuto
1317 2921 1370 2963 de
1399 2920 1523 2962 terris
1544 2922 1587 2962 et
1616 2920 1872 2962 tenementis
1901 2921 1956 2962 ad
1985 2935 2163 2963 manum

203 3016 418 3057 mortuam
447 3027 534 3055 non
564 3012 773 3069 ponendis
803 3012 917 3055 edito
947 3013 1016 3055 vel
1047 3012 1383 3070 quibuscumque
1414 3010 1509 3053 aliis
1539 3009 1711 3053 statutis
1732 3010 1799 3052 vcl
1820 3010 2161 3055 ordinacionibus

2279 749 2307 759 x
