<?xml version="1.0" encoding="UTF-8"?>
<!DOCTYPE html PUBLIC "-//W3C//DTD XHTML 1.0 Transitional//EN"
    "http://www.w3.org/TR/xhtml1/DTD/xhtml1-transitional.dtd">
<html xmlns="http://www.w3.org/1999/xhtml" xml:lang="en" lang="en">
 <head>
  <title>
</title>
<meta http-equiv="Content-Type" content="text/html;charset=utf-8" />
  <meta name='ocr-system' content='tesseract 3.04.00' />
  <meta name='ocr-capabilities' content='ocr_page ocr_carea ocr_par ocr_line ocrx_word'/>
</head>
<body>
  <div class='ocr_page' id='page_1' title='image "./cartaeetaliamuni04claruoft_0106.png"; bbox 0 0 2386 3645; ppageno 0'>
   <div class='ocr_carea' id='block_1_1' title="bbox 275 267 387 309">
    <p class='ocr_par' dir='ltr' id='par_1_1' title="bbox 275 267 387 309">
     <span class='ocr_line' id='line_1_1' title="bbox 275 267 387 309; baseline 0 0"><span class='ocrx_word' id='word_1_1' title='bbox 275 267 387 309; x_wconf 85' lang='lat'>1254</span> 
     </span>
    </p>
   </div>
   <div class='ocr_carea' id='block_1_2' title="bbox 200 474 2167 2074">
    <p class='ocr_par' dir='ltr' id='par_1_2' title="bbox 205 474 2167 1438">
     <span class='ocr_line' id='line_1_2' title="bbox 270 474 2166 530; baseline 0.002 -14"><span class='ocrx_word' id='word_1_2' title='bbox 270 474 317 517; x_wconf 90' lang='lat' dir='ltr'>N</span> <span class='ocrx_word' id='word_1_3' title='bbox 319 474 489 516; x_wconf 88' lang='lat' dir='ltr'>overitis</span> <span class='ocrx_word' id='word_1_4' title='bbox 509 489 577 517; x_wconf 89' lang='lat' dir='ltr'>me</span> <span class='ocrx_word' id='word_1_5' title='bbox 606 490 682 530; x_wconf 85' lang='lat' dir='ltr'>per</span> <span class='ocrx_word' id='word_1_6' title='bbox 708 477 922 530; x_wconf 74' lang='lat' dir='ltr'>presentes</span> <span class='ocrx_word' id='word_1_7' title='bbox 946 474 993 516; x_wconf 88' lang='lat' dir='ltr'>in</span> <span class='ocrx_word' id='word_1_8' title='bbox 1020 490 1127 530; x_wconf 82' lang='lat' dir='ltr'>pura</span> <span class='ocrx_word' id='word_1_9' title='bbox 1148 478 1191 517; x_wconf 89' lang='lat' dir='ltr'>et</span> <span class='ocrx_word' id='word_1_10' title='bbox 1210 475 1404 530; x_wconf 83' lang='lat' dir='ltr'>legitima</span> <span class='ocrx_word' id='word_1_11' title='bbox 1425 475 1635 517; x_wconf 81' lang='lat' dir='ltr'>viduitate</span> <span class='ocrx_word' id='word_1_12' title='bbox 1655 490 1751 517; x_wconf 82' lang='lat' dir='ltr'>mea</span> <span class='ocrx_word' id='word_1_13' title='bbox 1776 475 1922 518; x_wconf 78' lang='lat' dir='ltr'>fecisse</span> <span class='ocrx_word' id='word_1_14' title='bbox 1950 475 2166 519; x_wconf 82' lang='lat' dir='ltr'>ordinasse</span> 
     </span>
     <span class='ocr_line' id='line_1_3' title="bbox 210 565 2167 609; baseline 0.001 -2"><span class='ocrx_word' id='word_1_15' title='bbox 210 567 255 607; x_wconf 86' lang='lat' dir='ltr'>et</span> <span class='ocrx_word' id='word_1_16' title='bbox 275 565 539 607; x_wconf 88' lang='lat' dir='ltr'>constituisse</span> <span class='ocrx_word' id='word_1_17' title='bbox 560 565 764 608; x_wconf 83' lang='grc' dir='ltr'><strong>ΤΗΟΜΑΜ</strong></span> <span class='ocrx_word' id='word_1_18' title='bbox 785 566 983 608; x_wconf 80' lang='lat' dir='ltr'><strong>DAVENE</strong></span> <span class='ocrx_word' id='word_1_19' title='bbox 1005 566 1142 608; x_wconf 69' lang='lat' dir='ltr'>filium</span> <span class='ocrx_word' id='word_1_20' title='bbox 1166 581 1310 609; x_wconf 88' lang='lat' dir='ltr'>meum</span> <span class='ocrx_word' id='word_1_21' title='bbox 1338 569 1602 608; x_wconf 82' lang='lat' dir='ltr'>attornatum</span> <span class='ocrx_word' id='word_1_22' title='bbox 1628 581 1773 608; x_wconf 88' lang='lat' dir='ltr'>meum</span> <span class='ocrx_word' id='word_1_23' title='bbox 1803 566 2080 608; x_wconf 89' lang='lat' dir='ltr'>sufficientem</span> <span class='ocrx_word' id='word_1_24' title='bbox 2110 567 2167 609; x_wconf 80' lang='lat' dir='ltr'>ad</span> 
     </span>
     <span class='ocr_line' id='line_1_4' title="bbox 210 656 2167 712; baseline 0.001 -15"><span class='ocrx_word' id='word_1_25' title='bbox 210 657 457 712; x_wconf 87' lang='lat' dir='ltr'>ponendum</span> <span class='ocrx_word' id='word_1_26' title='bbox 486 656 705 712; x_wconf 86' lang='lat' dir='ltr'>religiosos</span> <span class='ocrx_word' id='word_1_27' title='bbox 735 657 846 699; x_wconf 88' lang='lat' dir='ltr'>viros</span> <span class='ocrx_word' id='word_1_28' title='bbox 879 691 886 699; x_wconf 95' lang='lat'><em>.</em></span> <span class='ocrx_word' id='word_1_29' title='bbox 923 690 930 699; x_wconf 91' lang='lat'><strong>.</strong></span> <span class='ocrx_word' id='word_1_30' title='bbox 965 656 1162 699; x_wconf 79' lang='lat' dir='ltr'>abbatem</span> <span class='ocrx_word' id='word_1_31' title='bbox 1193 659 1235 699; x_wconf 90' lang='lat' dir='ltr'>et</span> <span class='ocrx_word' id='word_1_32' title='bbox 1266 659 1521 699; x_wconf 86' lang='lat' dir='ltr'>conventum</span> <span class='ocrx_word' id='word_1_33' title='bbox 1554 658 1606 699; x_wconf 86' lang='grc'>(15</span> <span class='ocrx_word' id='word_1_34' title='bbox 1646 657 1850 699; x_wconf 80' lang='lat' dir='ltr'>MARGAN</span> <span class='ocrx_word' id='word_1_35' title='bbox 1880 657 1927 698; x_wconf 91' lang='lat' dir='ltr'>in</span> <span class='ocrx_word' id='word_1_36' title='bbox 1968 657 2167 699; x_wconf 82' lang='lat' dir='ltr'>seisinam</span> 
     </span>
     <span class='ocr_line' id='line_1_5' title="bbox 209 746 2165 804; baseline 0.002 -16"><span class='ocrx_word' id='word_1_37' title='bbox 209 746 341 789; x_wconf 89' lang='lat' dir='ltr'>trium</span> <span class='ocrx_word' id='word_1_38' title='bbox 373 762 564 789; x_wconf 81' lang='lat' dir='ltr'>acrarum</span> <span class='ocrx_word' id='word_1_39' title='bbox 595 750 637 789; x_wconf 90' lang='lat' dir='ltr'>et</span> <span class='ocrx_word' id='word_1_40' title='bbox 665 748 840 789; x_wconf 82' lang='lat' dir='ltr'>dimidie</span> <span class='ocrx_word' id='word_1_41' title='bbox 864 748 976 804; x_wconf 85' lang='lat' dir='ltr'>prati</span> <span class='ocrx_word' id='word_1_42' title='bbox 1005 763 1101 790; x_wconf 86' lang='lat' dir='ltr'>eum</span> <span class='ocrx_word' id='word_1_43' title='bbox 1132 748 1216 790; x_wconf 83' lang='lat' dir='ltr'>suis</span> <span class='ocrx_word' id='word_1_44' title='bbox 1241 749 1510 804; x_wconf 73' lang='lat' dir='ltr'>pertinentiis</span> <span class='ocrx_word' id='word_1_45' title='bbox 1539 749 1584 791; x_wconf 91' lang='lat' dir='ltr'>in</span> <span class='ocrx_word' id='word_1_46' title='bbox 1605 749 1782 791; x_wconf 84' lang='lat' dir='ltr'>marisco</span> <span class='ocrx_word' id='word_1_47' title='bbox 1803 749 2002 791; x_wconf 81' lang='lat' dir='ltr'>DAVENE</span> <span class='ocrx_word' id='word_1_48' title='bbox 2027 783 2035 791; x_wconf 93' lang='lat'><strong>.</strong></span> <span class='ocrx_word' id='word_1_49' title='bbox 2059 764 2165 804; x_wconf 84' lang='lat' dir='ltr'>quas</span> 
     </span>
     <span class='ocr_line' id='line_1_6' title="bbox 210 836 2167 882; baseline 0.002 -3"><span class='ocrx_word' id='word_1_50' title='bbox 210 836 368 879; x_wconf 85' lang='lat' dir='ltr'>eisdem</span> <span class='ocrx_word' id='word_1_51' title='bbox 390 839 442 880; x_wconf 84' lang='lat' dir='ltr'>de</span> <span class='ocrx_word' id='word_1_52' title='bbox 464 839 636 880; x_wconf 82' lang='lat' dir='ltr'>consilio</span> <span class='ocrx_word' id='word_1_53' title='bbox 656 838 818 880; x_wconf 90' lang='lat' dir='ltr'>domini</span> <span class='ocrx_word' id='word_1_54' title='bbox 838 838 867 880; x_wconf 84' lang='lat' dir='ltr'><strong>J</strong></span> <span class='ocrx_word' id='word_1_55' title='bbox 870 853 1069 880; x_wconf 84' lang='lat' dir='ltr'>OHANNIS</span> <span class='ocrx_word' id='word_1_56' title='bbox 1086 839 1283 881; x_wconf 82' lang='lat' dir='ltr'><strong>DAVENE</strong></span> <span class='ocrx_word' id='word_1_57' title='bbox 1307 839 1386 881; x_wconf 89' lang='lat' dir='ltr'>filii</span> <span class='ocrx_word' id='word_1_58' title='bbox 1407 839 1490 881; x_wconf 90' lang='lat' dir='ltr'>mei</span> <span class='ocrx_word' id='word_1_59' title='bbox 1507 839 1606 881; x_wconf 87' lang='lat' dir='ltr'>dedi</span> <span class='ocrx_word' id='word_1_60' title='bbox 1629 872 1639 882; x_wconf 91' lang='lat'><strong>.</strong></span> <span class='ocrx_word' id='word_1_61' title='bbox 1662 840 1844 882; x_wconf 80' lang='lat' dir='ltr'>concessi</span> <span class='ocrx_word' id='word_1_62' title='bbox 1861 842 1903 882; x_wconf 86' lang='lat' dir='ltr'>et</span> <span class='ocrx_word' id='word_1_63' title='bbox 1919 840 2167 882; x_wconf 82' lang='lat' dir='ltr'>confirmavi</span> 
     </span>
     <span class='ocr_line' id='line_1_7' title="bbox 208 928 2164 986; baseline 0.002 -16"><span class='ocrx_word' id='word_1_64' title='bbox 208 928 255 970; x_wconf 89' lang='lat' dir='ltr'>in</span> <span class='ocrx_word' id='word_1_65' title='bbox 277 929 543 971; x_wconf 79' lang='lat' dir='ltr'>excambium</span> <span class='ocrx_word' id='word_1_66' title='bbox 563 945 637 985; x_wconf 88' lang='lat' dir='ltr'>pro</span> <span class='ocrx_word' id='word_1_67' title='bbox 659 929 846 985; x_wconf 85' lang='lat' dir='ltr'>quinque</span> <span class='ocrx_word' id='word_1_68' title='bbox 868 929 974 971; x_wconf 81' lang='lat' dir='ltr'>acris</span> <span class='ocrx_word' id='word_1_69' title='bbox 994 929 1107 984; x_wconf 85' lang='lat' dir='ltr'>prati</span> <span class='ocrx_word' id='word_1_70' title='bbox 1127 929 1173 971; x_wconf 90' lang='lat' dir='ltr'>in</span> <span class='ocrx_word' id='word_1_71' title='bbox 1195 931 1342 972; x_wconf 88' lang='lat' dir='ltr'>eodem</span> <span class='ocrx_word' id='word_1_72' title='bbox 1369 930 1546 972; x_wconf 83' lang='lat' dir='ltr'>marisco</span> <span class='ocrx_word' id='word_1_73' title='bbox 1573 930 1771 972; x_wconf 80' lang='lat' dir='ltr'><strong>DAVENE</strong></span> <span class='ocrx_word' id='word_1_74' title='bbox 1805 930 2045 986; x_wconf 83' lang='lat' dir='ltr'>jacentibus</span> <span class='ocrx_word' id='word_1_75' title='bbox 2066 946 2164 973; x_wconf 88' lang='lat' dir='ltr'>cum</span> 
     </span>
     <span class='ocr_line' id='line_1_8' title="bbox 208 1019 2162 1076; baseline 0.002 -16"><span class='ocrx_word' id='word_1_76' title='bbox 208 1019 294 1061; x_wconf 80' lang='lat' dir='ltr'>suis</span> <span class='ocrx_word' id='word_1_77' title='bbox 314 1019 585 1074; x_wconf 75' lang='lat' dir='ltr'>pertinenciis</span> <span class='ocrx_word' id='word_1_78' title='bbox 606 1022 730 1075; x_wconf 89' lang='lat' dir='ltr'>prout</span> <span class='ocrx_word' id='word_1_79' title='bbox 750 1020 796 1061; x_wconf 89' lang='lat' dir='ltr'>in</span> <span class='ocrx_word' id='word_1_80' title='bbox 817 1021 1002 1075; x_wconf 85' lang='lat' dir='ltr'>quodam</span> <span class='ocrx_word' id='word_1_81' title='bbox 1023 1020 1177 1074; x_wconf 83' lang='lat' dir='ltr'>scripto</span> <span class='ocrx_word' id='word_1_82' title='bbox 1208 1020 1504 1076; x_wconf 76' lang='lat' dir='ltr'>cirographato</span> <span class='ocrx_word' id='word_1_83' title='bbox 1530 1021 1630 1062; x_wconf 87' lang='lat' dir='ltr'>inde</span> <span class='ocrx_word' id='word_1_84' title='bbox 1661 1021 1853 1063; x_wconf 85' lang='lat' dir='ltr'>confecto</span> <span class='ocrx_word' id='word_1_85' title='bbox 1874 1022 2042 1076; x_wconf 85' lang='lat' dir='ltr'>plenius</span> <span class='ocrx_word' id='word_1_86' title='bbox 2064 1037 2162 1064; x_wconf 89' lang='lat' dir='ltr'>con-</span> 
     </span>
     <span class='ocr_line' id='line_1_9' title="bbox 206 1109 2161 1167; baseline 0.002 -16"><span class='ocrx_word' id='word_1_87' title='bbox 206 1109 381 1152; x_wconf 88' lang='lat' dir='ltr'>tinetur.</span> <span class='ocrx_word' id='word_1_88' title='bbox 444 1109 500 1152; x_wconf 89' lang='lat' dir='ltr'>In</span> <span class='ocrx_word' id='word_1_89' title='bbox 522 1110 644 1166; x_wconf 87' lang='lat' dir='ltr'>cujus</span> <span class='ocrx_word' id='word_1_90' title='bbox 664 1111 725 1152; x_wconf 91' lang='lat' dir='ltr'>rei</span> <span class='ocrx_word' id='word_1_91' title='bbox 745 1111 1038 1152; x_wconf 85' lang='lat' dir='ltr'>testimonium</span> <span class='ocrx_word' id='word_1_92' title='bbox 1059 1110 1250 1165; x_wconf 85' lang='lat' dir='ltr'>sigillum</span> <span class='ocrx_word' id='word_1_93' title='bbox 1272 1126 1417 1153; x_wconf 89' lang='lat' dir='ltr'>meum</span> <span class='ocrx_word' id='word_1_94' title='bbox 1437 1111 1704 1166; x_wconf 88' lang='lat' dir='ltr'>presentibus</span> <span class='ocrx_word' id='word_1_95' title='bbox 1725 1111 1830 1153; x_wconf 81' lang='lat' dir='ltr'>duxi</span> <span class='ocrx_word' id='word_1_96' title='bbox 1846 1114 2161 1167; x_wconf 80' lang='lat' dir='ltr'>apponendum.</span> 
     </span>
     <span class='ocr_line' id='line_1_10' title="bbox 206 1199 2162 1256; baseline 0.002 -14"><span class='ocrx_word' id='word_1_97' title='bbox 206 1199 268 1242; x_wconf 88' lang='lat' dir='ltr'>Et</span> <span class='ocrx_word' id='word_1_98' title='bbox 307 1201 409 1256; x_wconf 82' lang='lat' dir='ltr'>quia</span> <span class='ocrx_word' id='word_1_99' title='bbox 449 1201 611 1243; x_wconf 88' lang='lat' dir='ltr'>dictum</span> <span class='ocrx_word' id='word_1_100' title='bbox 652 1201 917 1244; x_wconf 77' lang='lat' dir='ltr'>excambium</span> <span class='ocrx_word' id='word_1_101' title='bbox 951 1202 1002 1243; x_wconf 89' lang='lat' dir='ltr'>de</span> <span class='ocrx_word' id='word_1_102' title='bbox 1043 1201 1216 1243; x_wconf 75' lang='lat' dir='ltr'>consilio</span> <span class='ocrx_word' id='word_1_103' title='bbox 1260 1234 1268 1244; x_wconf 87' lang='lat'><strong>.</strong></span> <span class='ocrx_word' id='word_1_104' title='bbox 1312 1201 1532 1243; x_wconf 83' lang='lat' dir='ltr'>voluntate</span> <span class='ocrx_word' id='word_1_105' title='bbox 1574 1204 1617 1243; x_wconf 91' lang='lat' dir='ltr'>et</span> <span class='ocrx_word' id='word_1_106' title='bbox 1657 1217 1830 1244; x_wconf 77' lang='lat' dir='ltr'>assensu</span> <span class='ocrx_word' id='word_1_107' title='bbox 1862 1203 1966 1244; x_wconf 87' lang='lat' dir='ltr'>dicti</span> <span class='ocrx_word' id='word_1_108' title='bbox 1998 1204 2162 1246; x_wconf 90' lang='lat' dir='ltr'>domini</span> 
     </span>
     <span class='ocr_line' id='line_1_11' title="bbox 205 1290 2160 1348; baseline 0.002 -15"><span class='ocrx_word' id='word_1_109' title='bbox 205 1290 236 1334; x_wconf 86' lang='lat' dir='ltr'>J</span> <span class='ocrx_word' id='word_1_110' title='bbox 238 1305 437 1334; x_wconf 81' lang='lat' dir='ltr'>OHANNIS</span> <span class='ocrx_word' id='word_1_111' title='bbox 457 1292 655 1334; x_wconf 79' lang='lat' dir='ltr'>DAVENE</span> <span class='ocrx_word' id='word_1_112' title='bbox 681 1293 759 1335; x_wconf 83' lang='lat' dir='ltr'>filii</span> <span class='ocrx_word' id='word_1_113' title='bbox 779 1292 863 1334; x_wconf 87' lang='lat' dir='ltr'>mei</span> <span class='ocrx_word' id='word_1_114' title='bbox 884 1292 1103 1334; x_wconf 73' lang='lat' dir='ltr'>emanavit</span> <span class='ocrx_word' id='word_1_115' title='bbox 1126 1326 1133 1334; x_wconf 93' lang='lat'>.</span> <span class='ocrx_word' id='word_1_116' title='bbox 1158 1292 1350 1348; x_wconf 80' lang='lat' dir='ltr'>sigissum</span> <span class='ocrx_word' id='word_1_117' title='bbox 1381 1308 1507 1334; x_wconf 90' lang='lat' dir='ltr'>suum</span> <span class='ocrx_word' id='word_1_118' title='bbox 1528 1292 1795 1348; x_wconf 84' lang='lat' dir='ltr'>presentibus</span> <span class='ocrx_word' id='word_1_119' title='bbox 1816 1293 2012 1335; x_wconf 85' lang='lat' dir='ltr'>similiter</span> <span class='ocrx_word' id='word_1_120' title='bbox 2033 1294 2160 1336; x_wconf 88' lang='lat' dir='ltr'>duxit</span> 
     </span>
     <span class='ocr_line' id='line_1_12' title="bbox 205 1384 520 1438; baseline 0.003 -14"><span class='ocrx_word' id='word_1_121' title='bbox 205 1384 520 1438; x_wconf 85' lang='lat' dir='ltr'>apponendum.</span> 
     </span>
    </p>

    <p class='ocr_par' dir='ltr' id='par_1_3' title="bbox 200 1473 2159 1622">
     <span class='ocr_line' id='line_1_13' title="bbox 259 1473 2159 1530; baseline 0.002 -14"><span class='ocrx_word' id='word_1_122' title='bbox 259 1473 425 1516; x_wconf 82' lang='lat' dir='ltr'>Datum</span> <span class='ocrx_word' id='word_1_123' title='bbox 446 1476 560 1530; x_wconf 85' lang='lat' dir='ltr'>apud</span> <span class='ocrx_word' id='word_1_124' title='bbox 579 1474 746 1517; x_wconf 71' lang='lat' dir='ltr'>AvENE</span> <span class='ocrx_word' id='word_1_125' title='bbox 769 1475 836 1517; x_wconf 85' lang='lat' dir='ltr'>die</span> <span class='ocrx_word' id='word_1_126' title='bbox 857 1475 983 1517; x_wconf 88' lang='lat' dir='ltr'>Lune</span> <span class='ocrx_word' id='word_1_127' title='bbox 1003 1475 1197 1530; x_wconf 76' lang='lat' dir='ltr'>proxima</span> <span class='ocrx_word' id='word_1_128' title='bbox 1227 1478 1321 1530; x_wconf 86' lang='lat' dir='ltr'>post</span> <span class='ocrx_word' id='word_1_129' title='bbox 1351 1475 1510 1517; x_wconf 77' lang='lat' dir='ltr'>festum</span> <span class='ocrx_word' id='word_1_130' title='bbox 1543 1475 1806 1518; x_wconf 88' lang='lat' dir='ltr'>invencionis</span> <span class='ocrx_word' id='word_1_131' title='bbox 1838 1475 1994 1519; x_wconf 80' lang='lat' dir='ltr'>Sancte</span> <span class='ocrx_word' id='word_1_132' title='bbox 2026 1477 2159 1519; x_wconf 88' lang='lat' dir='ltr'>crucis</span> 
     </span>
     <span class='ocr_line' id='line_1_14' title="bbox 200 1565 1492 1622; baseline 0.002 -16"><span class='ocrx_word' id='word_1_133' title='bbox 200 1579 312 1607; x_wconf 87' lang='lat' dir='ltr'>anno</span> <span class='ocrx_word' id='word_1_134' title='bbox 334 1566 497 1607; x_wconf 88' lang='lat' dir='ltr'>domini</span> <span class='ocrx_word' id='word_1_135' title='bbox 517 1566 741 1608; x_wconf 87' lang='lat' dir='ltr'>millesimo</span> <span class='ocrx_word' id='word_1_136' title='bbox 762 1567 972 1608; x_wconf 86' lang='lat' dir='ltr'>tricesimo</span> <span class='ocrx_word' id='word_1_137' title='bbox 994 1566 1319 1622; x_wconf 79' lang='lat' dir='ltr'>quadragesimo</span> <span class='ocrx_word' id='word_1_138' title='bbox 1342 1565 1492 1622; x_wconf 88' lang='lat' dir='ltr'>primO.</span> 
     </span>
    </p>

    <p class='ocr_par' dir='ltr' id='par_1_4' title="bbox 257 1655 1727 1712">
     <span class='ocr_line' id='line_1_15' title="bbox 257 1655 1727 1712; baseline 0 -14"><span class='ocrx_word' id='word_1_139' title='bbox 257 1655 360 1698; x_wconf 84' lang='lat' dir='ltr'>Two</span> <span class='ocrx_word' id='word_1_140' title='bbox 382 1657 500 1708; x_wconf 81' lang='lat' dir='ltr'>seals,</span> <span class='ocrx_word' id='word_1_141' title='bbox 522 1658 597 1699; x_wconf 90' lang='lat' dir='ltr'>red</span> <span class='ocrx_word' id='word_1_142' title='bbox 618 1672 725 1709; x_wconf 78' lang='lat' dir='ltr'>wax,</span> <span class='ocrx_word' id='word_1_143' title='bbox 747 1657 833 1712; x_wconf 62' lang='lat' dir='ltr'>{in</span> <span class='ocrx_word' id='word_1_144' title='bbox 858 1658 1001 1709; x_wconf 63' lang='lat' dir='ltr'>diam„</span> <span class='ocrx_word' id='word_1_145' title='bbox 1025 1673 1070 1699; x_wconf 83' lang='lat' dir='ltr'>as</span> <span class='ocrx_word' id='word_1_146' title='bbox 1090 1657 1233 1699; x_wconf 78' lang='lat' dir='ltr'>before</span> <span class='ocrx_word' id='word_1_147' title='bbox 1260 1657 1345 1712; x_wconf 90' lang='lat' dir='ltr'>(see</span> <span class='ocrx_word' id='word_1_148' title='bbox 1366 1657 1561 1712; x_wconf 86' lang='lat' dir='ltr'>previous</span> <span class='ocrx_word' id='word_1_149' title='bbox 1585 1657 1727 1712; x_wconf 91' lang='lat' dir='ltr'>deed).</span> 
     </span>
    </p>

    <p class='ocr_par' dir='ltr' id='par_1_5' title="bbox 200 1747 2156 1882">
     <span class='ocr_line' id='line_1_16' title="bbox 258 1747 2156 1804; baseline 0.002 -16"><span class='ocrx_word' id='word_1_150' title='bbox 258 1747 295 1789; x_wconf 85' lang='lat'>1.</span> <span class='ocrx_word' id='word_1_151' title='bbox 331 1747 373 1789; x_wconf 86' lang='lat' dir='ltr'>A</span> <span class='ocrx_word' id='word_1_152' title='bbox 394 1747 530 1789; x_wconf 87' lang='lat' dir='ltr'>shield</span> <span class='ocrx_word' id='word_1_153' title='bbox 551 1763 625 1804; x_wconf 87' lang='lat' dir='ltr'>per</span> <span class='ocrx_word' id='word_1_154' title='bbox 644 1748 753 1804; x_wconf 78' lang='lat' dir='ltr'>pale,</span> <span class='ocrx_word' id='word_1_155' title='bbox 776 1750 936 1800; x_wconf 76' lang='lat' dir='ltr'>dexter,</span> <span class='ocrx_word' id='word_1_156' title='bbox 960 1764 984 1790; x_wconf 79' lang='lat' dir='ltr'>a</span> <span class='ocrx_word' id='word_1_157' title='bbox 1004 1748 1087 1790; x_wconf 82' lang='lat' dir='ltr'>fess</span> <span class='ocrx_word' id='word_1_158' title='bbox 1109 1764 1155 1791; x_wconf 87' lang='lat' dir='ltr'>or</span> <span class='ocrx_word' id='word_1_159' title='bbox 1175 1748 1250 1790; x_wconf 77' lang='lat' dir='ltr'>bar</span> <span class='ocrx_word' id='word_1_160' title='bbox 1271 1747 1462 1790; x_wconf 85' lang='lat' dir='ltr'>between</span> <span class='ocrx_word' id='word_1_161' title='bbox 1489 1748 1553 1790; x_wconf 79' lang='lat' dir='ltr'>six</span> <span class='ocrx_word' id='word_1_162' title='bbox 1584 1763 1708 1800; x_wconf 79' lang='lat' dir='ltr'>roses,</span> <span class='ocrx_word' id='word_1_163' title='bbox 1733 1749 1773 1800; x_wconf 85' lang='lat'>3,</span> <span class='ocrx_word' id='word_1_164' title='bbox 1795 1749 1836 1800; x_wconf 81' lang='lat'>2,</span> <span class='ocrx_word' id='word_1_165' title='bbox 1861 1749 1899 1790; x_wconf 89' lang='grc'>1.</span> <span class='ocrx_word' id='word_1_166' title='bbox 1962 1748 2156 1803; x_wconf 67' lang='grc'>8111151351,</span> 
     </span>
     <span class='ocr_line' id='line_1_17' title="bbox 200 1838 556 1882; baseline 0.008 -3"><span class='ocrx_word' id='word_1_167' title='bbox 200 1838 319 1880; x_wconf 88' lang='lat' dir='ltr'>three</span> <span class='ocrx_word' id='word_1_168' title='bbox 341 1838 556 1882; x_wconf 88' lang='lat' dir='ltr'>chevrons.</span> 
     </span>
    </p>

    <p class='ocr_par' dir='ltr' id='par_1_6' title="bbox 256 1928 1283 1986">
     <span class='ocr_line' id='line_1_18' title="bbox 256 1928 1283 1986; baseline 0 -15"><span class='ocrx_word' id='word_1_169' title='bbox 256 1928 560 1986; x_wconf 78' lang='lat' dir='ltr'>Legend—‘÷</span> <span class='ocrx_word' id='word_1_170' title='bbox 589 1930 622 1972; x_wconf 89' lang='lat' dir='ltr'>s’</span> <span class='ocrx_word' id='word_1_171' title='bbox 654 1945 929 1973; x_wconf 80' lang='lat' dir='ltr'><strong>MARGARETE</strong></span> <span class='ocrx_word' id='word_1_172' title='bbox 953 1965 961 1973; x_wconf 92' lang='lat'>.</span> <span class='ocrx_word' id='word_1_173' title='bbox 985 1946 1043 1973; x_wconf 83' lang='lat' dir='ltr'>DE</span> <span class='ocrx_word' id='word_1_174' title='bbox 1067 1965 1075 1973; x_wconf 94' lang='lat'><strong>.</strong></span> <span class='ocrx_word' id='word_1_175' title='bbox 1101 1929 1283 1972; x_wconf 75' lang='lat' dir='ltr'>AVENE.&#39;</span> 
     </span>
    </p>

    <p class='ocr_par' dir='ltr' id='par_1_7' title="bbox 255 2020 1929 2074">
     <span class='ocr_line' id='line_1_19' title="bbox 255 2020 1929 2074; baseline 0.002 -12"><span class='ocrx_word' id='word_1_176' title='bbox 255 2021 296 2062; x_wconf 84' lang='lat'>2.</span> <span class='ocrx_word' id='word_1_177' title='bbox 358 2020 427 2063; x_wconf 92' lang='lat' dir='ltr'>On</span> <span class='ocrx_word' id='word_1_178' title='bbox 448 2037 473 2063; x_wconf 86' lang='lat' dir='ltr'>a</span> <span class='ocrx_word' id='word_1_179' title='bbox 493 2021 629 2063; x_wconf 86' lang='lat' dir='ltr'>shield</span> <span class='ocrx_word' id='word_1_180' title='bbox 649 2022 767 2064; x_wconf 86' lang='lat' dir='ltr'>three</span> <span class='ocrx_word' id='word_1_181' title='bbox 789 2022 1003 2074; x_wconf 85' lang='lat' dir='ltr'>chevrons,</span> <span class='ocrx_word' id='word_1_182' title='bbox 1027 2023 1112 2064; x_wconf 84' lang='lat' dir='ltr'>and</span> <span class='ocrx_word' id='word_1_183' title='bbox 1134 2022 1278 2074; x_wconf 86' lang='lat' dir='ltr'>above,</span> <span class='ocrx_word' id='word_1_184' title='bbox 1301 2037 1346 2063; x_wconf 81' lang='lat' dir='ltr'>as</span> <span class='ocrx_word' id='word_1_185' title='bbox 1367 2037 1391 2064; x_wconf 86' lang='lat' dir='ltr'>a</span> <span class='ocrx_word' id='word_1_186' title='bbox 1412 2024 1530 2071; x_wconf 88' lang='lat' dir='ltr'>orest,</span> <span class='ocrx_word' id='word_1_187' title='bbox 1555 2037 1579 2063; x_wconf 81' lang='lat' dir='ltr'>a</span> <span class='ocrx_word' id='word_1_188' title='bbox 1600 2021 1782 2064; x_wconf 84' lang='lat' dir='ltr'>Paschal</span> <span class='ocrx_word' id='word_1_189' title='bbox 1801 2022 1929 2065; x_wconf 82' lang='lat' dir='ltr'>lamb.</span> 
     </span>
    </p>
   </div>
   <div class='ocr_carea' id='block_1_3' title="bbox 256 2111 1168 2168">
    <p class='ocr_par' dir='ltr' id='par_1_8' title="bbox 256 2111 1168 2168">
     <span class='ocr_line' id='line_1_20' title="bbox 256 2111 1168 2168; baseline 0.003 -15"><span class='ocrx_word' id='word_1_190' title='bbox 256 2111 560 2168; x_wconf 83' lang='lat' dir='ltr'>Legend—‘s&#39;</span> <span class='ocrx_word' id='word_1_191' title='bbox 592 2113 687 2155; x_wconf 83' lang='lat' dir='ltr'>IOH&#39;</span> <span class='ocrx_word' id='word_1_192' title='bbox 722 2148 730 2156; x_wconf 89' lang='lat'><strong>.</strong></span> <span class='ocrx_word' id='word_1_193' title='bbox 767 2147 775 2155; x_wconf 95' lang='lat'><strong>.</strong></span> <span class='ocrx_word' id='word_1_194' title='bbox 811 2147 818 2156; x_wconf 90' lang='lat'>.</span> <span class='ocrx_word' id='word_1_195' title='bbox 853 2128 910 2155; x_wconf 80' lang='lat' dir='ltr'>DE</span> <span class='ocrx_word' id='word_1_196' title='bbox 944 2147 952 2156; x_wconf 89' lang='lat'><strong>.</strong></span> <span class='ocrx_word' id='word_1_197' title='bbox 986 2112 1168 2156; x_wconf 82' lang='lat' dir='ltr'>AVENE.&#39;</span> 
     </span>
    </p>
   </div>
   <div class='ocr_carea' id='block_1_4' title="bbox 210 2202 2148 2354">
    <p class='ocr_par' dir='ltr' id='par_1_9' title="bbox 210 2202 2148 2354">
     <span class='ocr_line' id='line_1_21' title="bbox 260 2202 2147 2241; baseline 0.002 -10"><span class='ocrx_word' id='word_1_198' title='bbox 260 2202 350 2240; x_wconf 74' lang='lat' dir='ltr'>Lady</span> <span class='ocrx_word' id='word_1_199' title='bbox 375 2203 539 2240; x_wconf 69' lang='lat' dir='ltr'>Margaret</span> <span class='ocrx_word' id='word_1_200' title='bbox 563 2204 721 2233; x_wconf 76' lang='lat' dir='ltr'>Davene&#39;s</span> <span class='ocrx_word' id='word_1_201' title='bbox 744 2204 811 2233; x_wconf 85' lang='lat' dir='ltr'>seal</span> <span class='ocrx_word' id='word_1_202' title='bbox 835 2204 862 2233; x_wconf 84' lang='lat' dir='ltr'>is</span> <span class='ocrx_word' id='word_1_203' title='bbox 886 2205 958 2233; x_wconf 80' lang='lat' dir='ltr'>that</span> <span class='ocrx_word' id='word_1_204' title='bbox 984 2205 1016 2233; x_wconf 79' lang='lat' dir='ltr'>of</span> <span class='ocrx_word' id='word_1_205' title='bbox 1040 2205 1166 2234; x_wconf 66' lang='lat' dir='ltr'>Davewze</span> <span class='ocrx_word' id='word_1_206' title='bbox 1187 2214 1229 2234; x_wconf 88' lang='lat' dir='ltr'>on</span> <span class='ocrx_word' id='word_1_207' title='bbox 1251 2204 1306 2233; x_wconf 85' lang='lat' dir='ltr'>the</span> <span class='ocrx_word' id='word_1_208' title='bbox 1328 2204 1469 2241; x_wconf 83' lang='lat' dir='ltr'>sinister,</span> <span class='ocrx_word' id='word_1_209' title='bbox 1490 2203 1609 2232; x_wconf 80' lang='lat' dir='ltr'>andan</span> <span class='ocrx_word' id='word_1_210' title='bbox 1625 2203 1795 2232; x_wconf 84' lang='lat' dir='ltr'>uncertain</span> <span class='ocrx_word' id='word_1_211' title='bbox 1810 2207 1884 2233; x_wconf 80' lang='lat' dir='ltr'>coat</span> <span class='ocrx_word' id='word_1_212' title='bbox 1900 2205 1933 2233; x_wconf 80' lang='lat' dir='ltr'>of</span> <span class='ocrx_word' id='word_1_213' title='bbox 1955 2204 2012 2234; x_wconf 90' lang='lat' dir='ltr'>her</span> <span class='ocrx_word' id='word_1_214' title='bbox 2032 2203 2147 2234; x_wconf 79' lang='lat' dir='ltr'>second</span> 
     </span>
     <span class='ocr_line' id='line_1_22' title="bbox 210 2258 2148 2299; baseline 0.002 -12"><span class='ocrx_word' id='word_1_215' title='bbox 210 2258 359 2288; x_wconf 83' lang='lat' dir='ltr'>husband</span> <span class='ocrx_word' id='word_1_216' title='bbox 375 2269 415 2288; x_wconf 87' lang='lat' dir='ltr'>on</span> <span class='ocrx_word' id='word_1_217' title='bbox 432 2260 486 2289; x_wconf 84' lang='lat' dir='ltr'>the</span> <span class='ocrx_word' id='word_1_218' title='bbox 502 2260 616 2289; x_wconf 74' lang='lat' dir='ltr'>dexter.</span> <span class='ocrx_word' id='word_1_219' title='bbox 660 2260 726 2289; x_wconf 90' lang='lat' dir='ltr'>Her</span> <span class='ocrx_word' id='word_1_220' title='bbox 741 2270 799 2289; x_wconf 88' lang='lat' dir='ltr'>son</span> <span class='ocrx_word' id='word_1_221' title='bbox 813 2260 902 2289; x_wconf 83' lang='lat' dir='ltr'>John</span> <span class='ocrx_word' id='word_1_222' title='bbox 921 2261 978 2299; x_wconf 81' lang='lat' dir='ltr'>(by</span> <span class='ocrx_word' id='word_1_223' title='bbox 994 2261 1131 2299; x_wconf 73' lang='lat' dir='ltr'>herfirst</span> <span class='ocrx_word' id='word_1_224' title='bbox 1146 2261 1319 2298; x_wconf 75' lang='lat' dir='ltr'>marriage)</span> <span class='ocrx_word' id='word_1_225' title='bbox 1336 2260 1428 2289; x_wconf 82' lang='lat' dir='ltr'>bears</span> <span class='ocrx_word' id='word_1_226' title='bbox 1447 2262 1582 2297; x_wconf 78' lang='lat' dir='ltr'>Davene,</span> <span class='ocrx_word' id='word_1_227' title='bbox 1599 2259 1658 2297; x_wconf 83' lang='lat' dir='ltr'>i.e.,</span> <span class='ocrx_word' id='word_1_228' title='bbox 1674 2259 1765 2288; x_wconf 82' lang='lat' dir='ltr'>three</span> <span class='ocrx_word' id='word_1_229' title='bbox 1781 2260 1946 2289; x_wconf 64' lang='lat' dir='ltr'>chevrons</span> <span class='ocrx_word' id='word_1_230' title='bbox 1989 2260 2051 2290; x_wconf 84' lang='lat' dir='ltr'>She</span> <span class='ocrx_word' id='word_1_231' title='bbox 2066 2261 2148 2290; x_wconf 81' lang='lat' dir='ltr'>calls</span> 
     </span>
     <span class='ocr_line' id='line_1_23' title="bbox 210 2314 1958 2354; baseline 0.002 -11"><span class='ocrx_word' id='word_1_232' title='bbox 210 2314 329 2344; x_wconf 76' lang='lat' dir='ltr'>herself</span> <span class='ocrx_word' id='word_1_233' title='bbox 352 2315 475 2346; x_wconf 78' lang='lat' dir='ltr'>Davene</span> <span class='ocrx_word' id='word_1_234' title='bbox 489 2317 626 2346; x_wconf 81' lang='lat' dir='ltr'>because</span> <span class='ocrx_word' id='word_1_235' title='bbox 641 2317 695 2345; x_wconf 85' lang='lat' dir='ltr'>the</span> <span class='ocrx_word' id='word_1_236' title='bbox 710 2316 787 2345; x_wconf 85' lang='lat' dir='ltr'>land</span> <span class='ocrx_word' id='word_1_237' title='bbox 806 2325 869 2345; x_wconf 79' lang='lat' dir='ltr'>was</span> <span class='ocrx_word' id='word_1_238' title='bbox 884 2317 1100 2354; x_wconf 85' lang='lat' dir='ltr'>independent</span> <span class='ocrx_word' id='word_1_239' title='bbox 1117 2317 1149 2346; x_wconf 76' lang='lat' dir='ltr'>of</span> <span class='ocrx_word' id='word_1_240' title='bbox 1172 2318 1227 2346; x_wconf 88' lang='lat' dir='ltr'>the</span> <span class='ocrx_word' id='word_1_241' title='bbox 1243 2317 1360 2346; x_wconf 82' lang='lat' dir='ltr'>second</span> <span class='ocrx_word' id='word_1_242' title='bbox 1376 2316 1544 2354; x_wconf 59' lang='lat' dir='ltr'>marriage,</span> <span class='ocrx_word' id='word_1_243' title='bbox 1561 2315 1668 2345; x_wconf 86' lang='lat' dir='ltr'>which</span> <span class='ocrx_word' id='word_1_244' title='bbox 1684 2315 1710 2344; x_wconf 88' lang='lat' dir='ltr'>is</span> <span class='ocrx_word' id='word_1_245' title='bbox 1725 2315 1859 2353; x_wconf 85' lang='lat' dir='ltr'>ignored</span> <span class='ocrx_word' id='word_1_246' title='bbox 1874 2316 1958 2346; x_wconf 87' lang='lat' dir='ltr'>here.</span> 
     </span>
    </p>
   </div>
  </div>
 </body>
</html>
