2386 3645
298 312 408 353 1464

1125 541 1297 587 McIV.

242 650 619 697 QUIT-OLAJM
668 650 755 693 BY
803 649 1098 694 WILLIAM
1149 649 1427 701 GAMAGE,
1478 649 1646 692 LORD
1707 648 1786 691 OF
1836 647 2056 701 OOYTY,
2107 647 2183 691 TO

385 742 557 786 JOHN
607 742 692 785 DE
744 741 1162 793 STRADELING,
1215 742 1412 784 ALIAS
1469 741 1554 782 DE
1605 739 1798 792 ANNE,
1851 738 1929 781 OF
1979 739 2183 783 RIGHT

383 833 459 876 TO
529 833 738 876 LANDS
806 832 941 876 AND
1013 831 1394 875 TENEMENTS
1464 830 1641 873 HELD
1706 830 1794 873 BY
1855 829 1986 872 THE
2037 829 2182 874 SAID

384 925 414 968 J
417 925 553 968 OHN
593 924 680 967 BY
721 924 867 967 GIFT
909 923 987 966 OF
1027 922 1129 965 SIR
1168 922 1514 965 LAURENOE
1555 921 1980 975 BEROROULES,
2011 921 2181 965 LORD

384 1016 462 1059 OF
513 1015 713 1068 OOITY,
764 1014 1017 1059 WITHIN
1068 1013 1197 1056 THE
1247 1013 1568 1056 LORDSHIP
1621 1013 1698 1056 OF
1750 1012 1948 1056 OOITY.

578 1124 830 1180 [ORIGINAL
861 1137 911 1165 IN
942 1122 1199 1164 PossEssmN
1231 1136 1284 1163 OF
1315 1121 1408 1164 MR.
1443 1121 1494 1164 Gr.
1528 1121 1580 1164 Gr.
1613 1120 1849 1178 FRANms]

1161 1229 1215 1270 20
1248 1227 1349 1270 OCT.
1414 1229 1466 1269 13
1498 1228 1673 1270 HENRY
1703 1227 1785 1272 IV.
1846 1228 1962 1271 A.D.
1998 1229 2122 1271 1411.

294 1339 503 1382 Omnibus
532 1338 719 1381 CHRISTI
759 1336 955 1379 fidelibus
985 1337 1039 1378 ad
1069 1350 1174 1391 quos
1203 1350 1374 1390 presens
1405 1336 1608 1390 scriptum
1638 1335 1876 1390 pervenerit
1898 1335 2183 1378 WILLELMUS

236 1430 433 1473 GAMAGE
464 1430 662 1472 dominus
691 1430 743 1471 de
779 1428 926 1471 Gom
961 1428 1141 1470 salutem
1172 1427 1218 1469 in
1251 1426 1423 1468 domino
1463 1426 1776 1482 sempiternam.
1857 1426 1903 1468 N
1906 1427 2074 1469 overitis
2113 1442 2181 1470 me

235 1521 481 1564 concessisse
501 1520 708 1563 relaxasse
729 1521 772 1562 et
793 1519 966 1562 omnino
986 1533 1062 1574 pro
1082 1532 1151 1560 me
1171 1520 1212 1560 et
1234 1517 1459 1560 heredibus
1486 1517 1591 1560 meis
1620 1517 1936 1573 imperpetuum
1967 1517 2180 1573 quietum-

235 1613 434 1655 clamasse
469 1612 499 1655 J
501 1625 678 1654 OHANNI
700 1612 753 1654 de
774 1609 1097 1654 STRADELmG’l
1129 1609 1234 1651 alias
1260 1608 1290 1652 J
1293 1623 1470 1651 OHANNI
1501 1609 1554 1650 de
1584 1607 1737 1660 AUNE,
1768 1607 1994 1651 heredibus
2024 1608 2110 1651 suis
2138 1612 2181 1651 et

234 1703 460 1760 assignatis
489 1706 629 1746 totum
649 1702 720 1759 jus
750 1716 894 1744 meum
914 1704 957 1743 et
977 1701 1186 1743 clameum
1207 1701 1321 1756 quod
1349 1699 1482 1742 habui
1511 1699 1645 1742 habeo
1667 1714 1740 1741 seu
1771 1699 1914 1755 aliquo
1944 1700 2069 1742 modo
2099 1699 2178 1741 im-

231 1797 447 1850 posterum
466 1793 621 1836 habere
641 1796 786 1850 potero
806 1793 853 1834 in
874 1791 1071 1834 omnibus
1091 1791 1176 1833 illis
1196 1790 1320 1833 terris
1340 1794 1383 1832 et
1406 1791 1662 1833 tenementis
1689 1790 1822 1846 pratis
1842 1791 2025 1846 pasturis
2045 1790 2179 1833 boscis

231 1888 273 1927 et
292 1885 423 1928 vastis
443 1900 540 1928 cum
560 1883 756 1928 omnibus
777 1883 863 1926 suis
883 1881 1041 1938 ubique
1061 1881 1330 1938 pertinentiis
1361 1897 1441 1937 que
1471 1881 1687 1936 quondam
1708 1880 1921 1936 predictus
1939 1880 1968 1923 J
1971 1895 2180 1923 OHANNEs

229 1979 381 2022 habuit
401 1993 454 2021 ex
473 1977 585 2019 dono
606 1978 648 2019 et
668 1974 944 2018 feoffamento
965 1974 1129 2017 domini
1148 1973 1408 2015 LAURENCII
1439 1972 1734 2014 BERCROULES
1765 1971 1927 2014 domini
1957 1972 2010 2014 de
2041 1971 2179 2014 Oorrr

227 2073 271 2113 et
290 2085 372 2126 que
393 2067 473 2112 sibi
489 2066 606 2124 de[s]
616 2066 853 2110 cendebant
871 2067 968 2121 post
987 2066 1204 2107 decessum
1223 2064 1419 2121 magistri
1437 2063 1695 2106 LAURENcn
1718 2061 2030 2105 TURBERVILL'
2048 2066 2174 2119 prout

232 2161 376 2219 jacent
404 2159 694 2217 particulatim
723 2172 798 2214 per
829 2159 962 2200 certas
997 2155 1175 2213 [metas]
1209 2158 1252 2198 et
1281 2154 1447 2198 bundas
1477 2155 1674 2210 antiquas
1713 2153 1828 2196 instra
1858 2154 2096 2197 dominium
2127 2155 2179 2197 de

234 2251 373 2295 OOITY
405 2254 447 2294 et
476 2253 603 2306 prout
632 2251 751 2305 patet
780 2263 856 2304 per
886 2248 1102 2303 quandam
1132 2250 1291 2290 cartam
1321 2246 1436 2289 feodi
1467 2245 1668 2301 simplicis
1698 2245 1799 2288 inde
1830 2245 1910 2287 sibi
1930 2246 2176 2288 confectam.

233 2342 306 2385 Ita
326 2343 441 2398 quod
461 2356 538 2384 nec
558 2354 638 2397 ego
659 2339 874 2396 predictus
896 2338 1182 2383 WILLELMUS
1201 2352 1279 2380 nec
1299 2337 1473 2379 heredes
1502 2337 1586 2378 mei
1606 2351 1684 2378 nec
1705 2336 1859 2391 aliquis
1880 2336 1988 2378 alius
2007 2336 2179 2379 nomine

233 2437 376 2476 nostro
407 2432 580 2487 aliquod
606 2430 677 2487 jus
701 2430 769 2472 vel
797 2431 1005 2472 clameum
1029 2430 1074 2471 in
1104 2428 1300 2472 omnibus
1330 2427 1529 2484 predictis
1549 2427 1672 2470 terris
1702 2430 1744 2470 et
1773 2427 2028 2469 tenementis
2046 2427 2180 2483 pratis

234 2523 417 2581 pasturis
454 2521 588 2565 boscis
628 2524 671 2563 et
709 2520 839 2563 vastis
879 2535 975 2563 cum
1017 2519 1213 2562 omnibus
1254 2519 1339 2561 suis
1368 2518 1638 2574 pertinentiis
1667 2518 1858 2560 decetero
1898 2517 2067 2574 exigere
2107 2532 2181 2560 seu

233 2615 455 2658 vendicare
474 2612 708 2669 poterimus
734 2611 779 2653 in
800 2611 997 2653 futurum
1018 2615 1080 2653 set
1110 2611 1163 2652 de
1193 2609 1310 2652 omni
1340 2609 1508 2651 accione
1537 2608 1646 2664 juris
1675 2608 1806 2650 simus
1836 2608 1994 2650 exclusi
2023 2608 2177 2664 imper-

232 2709 410 2761 petuum
440 2718 515 2759 per
545 2705 769 2759 presentes.
831 2702 893 2744 Et
924 2717 1002 2758 ego
1033 2717 1130 2743 vero
1160 2701 1374 2757 predictus
1404 2699 1689 2743 WILLELMUS
1720 2698 1917 2741 &AMAGE
1943 2701 1985 2741 et
2006 2699 2178 2741 heredes

233 2797 318 2840 mei
347 2795 491 2839 omnia
521 2794 710 2850 predicta
739 2797 872 2836 terras
912 2796 954 2835 et
983 2795 1227 2835 tenementa
1256 2800 1379 2847 prata
1409 2794 1603 2848 pasturas
1632 2790 1776 2832 boscos
1805 2792 1848 2831 et
1883 2788 2024 2845 [vasta
2054 2788 2172 2846 cum]

231 2887 426 2931 omnibus
446 2885 531 2928 suis
551 2884 709 2940 ubique
729 2884 997 2941 pertinentiis
1011 2883 1200 2940 predicto
1220 2883 1249 2926 J
1253 2896 1430 2924 OHANNI
1461 2882 1513 2924 de
1533 2880 1824 2923 STRADELING
1845 2879 1949 2922 alias
1968 2879 1997 2921 J
2000 2894 2178 2922 OHANNI

231 2980 283 3021 de
322 2977 460 3020 AUNE
513 2975 736 3018 heredibus
776 2976 862 3017 suis
902 2978 944 3018 et
983 2974 1209 3031 assignatis
1249 2977 1395 3015 contra
1434 2987 1579 3014 omnes
1618 2977 1767 3027 gentes
1807 2970 2177 3014 warantizabimus

232 3067 565 3125 acquietabimus
594 3069 637 3109 et
667 3066 983 3122 imperpetuum
1025 3066 1312 3107 defendemus.
1394 3063 1450 3106 In
1486 3063 1605 3118 cujus
1644 3062 1705 3104 rei
1743 3061 2037 3104 testimonium
2076 3061 2175 3105 huic
