2386 3645
1930 293 2038 334 1551

156 490 336 546 triginta
356 489 511 531 solidos
530 488 680 545 legalis
700 491 868 531 monete
889 489 1110 533 solvendos
1130 492 1186 533 ad
1205 491 1364 535 festum
1384 492 1531 536 Sancti
1550 494 1808 540 MICHAELIS
1833 497 2095 556 Archangeli

155 584 326 625 tantum
364 595 440 636 pro
480 579 677 622 omnibus
716 579 811 621 aliis
850 581 1035 622 serviciis
1074 583 1367 626 exaccionibus
1406 587 1449 626 et
1488 585 1719 629 demandis.
1779 588 1841 630 Et
1879 604 1956 632 nos
1999 606 2096 635 vero

156 671 370 729 predictus
408 670 438 713 J
440 684 651 713 oHANNEs
691 670 909 726 episcopus
948 671 1270 716 LANDAVENSIS
1310 677 1354 717 et
1393 690 1645 719 successores
1688 679 1822 721 nostri
1860 681 2097 736 predictum

157 762 395 806 manerium
425 776 522 803 cum
553 761 748 804 omnibus
773 762 898 804 terris
933 766 974 804 et
1006 764 1262 807 tenementis
1296 766 1532 808 redditibus
1562 768 1694 822 pratis
1724 771 1887 824 pascuis
1916 773 2098 826 pasturis

159 853 287 896 vastis
308 867 404 894 cum
424 851 621 895 omnibus
641 851 736 894 aliis
756 853 1128 896 commoditatibus
1149 857 1190 896 et
1217 855 1413 910 proficuis
1433 857 1546 899 dicto
1574 858 1763 900 manerio
1792 860 2100 915 pertinentibus

155 948 199 988 et
228 942 514 1000 spectantibus
553 943 742 999 predicto
784 942 988 986 Howmo
1027 944 1253 988 heredibus
1282 950 1324 989 et
1355 947 1579 1004 assignatis
1599 949 1686 991 suis
1706 951 1886 993 durante
1916 953 2097 996 termino

156 1036 345 1093 predicto
386 1038 532 1078 contra
572 1049 717 1077 omnes
757 1038 906 1091 gentes
947 1037 1316 1080 warantizabimus
1356 1041 1399 1081 et
1433 1039 1721 1083 defendemus.
1784 1040 1840 1084 In
1880 1042 1947 1099 cuj
1954 1059 2004 1086 us
2040 1044 2102 1086 rei

156 1127 448 1170 testimonium
468 1126 659 1182 sigillum
674 1130 867 1168 nostrum
887 1128 1074 1183 presenti
1090 1128 1243 1185 scripto
1259 1131 1544 1185 apposuimus.
1597 1131 1700 1174 Hiis
1715 1132 1893 1176 testibus
1915 1167 1924 1177 .
1947 1134 2101 1177 DAVID

155 1218 374 1261 MATHEW
397 1251 405 1260 .
428 1216 674 1259 Lunowmo
704 1216 924 1259 MATHEW
946 1252 954 1260 .
979 1218 1194 1262 Rossmvro
1223 1219 1440 1263 MATHEW
1463 1256 1472 1264 .
1495 1221 1754 1265 LLEWELYN
1785 1239 1839 1279 ap
1870 1223 2018 1267 IEvAN
2048 1241 2102 1281 ap

158 1309 316 1353 GRONO
338 1343 344 1351 .
370 1308 400 1352 J
402 1323 590 1350 OHANNE
614 1308 833 1351 GREGORY
855 1312 898 1351 et
918 1310 1067 1352 multis
1087 1310 1193 1352 aliis.

214 1409 380 1451 Datum
409 1408 455 1450 in
484 1408 648 1464 palacio
668 1415 811 1450 nostro
832 1409 885 1451 de
906 1408 1128 1452 LANDAFF
1149 1410 1196 1452 in
1216 1410 1374 1453 festum
1394 1411 1541 1455 Sancti
1560 1411 1821 1456 MIoHAELIS
1841 1413 2104 1472 Archangeli

156 1515 268 1543 anno
298 1499 478 1542 Domini
505 1499 731 1542 millesimo
762 1507 912 1542 ccccm·
942 1501 1152 1544 tricesimo
1185 1504 1368 1545 secundo
1397 1506 1439 1545 et
1466 1506 1608 1546 nostre
1638 1506 1964 1549 consecracionis
1993 1522 2106 1550 anno

158 1592 332 1635 decimo.

217 1682 335 1729 Quas
369 1683 542 1738 quidem
578 1683 886 1725 concessionem
919 1684 1196 1726 tradicionem
1229 1687 1272 1726 et
1306 1684 1593 1728 dimissionem
1623 1687 1748 1729 modo
1780 1702 1863 1743 quo
1892 1688 2105 1743 prefertur

156 1774 291 1817 factas
309 1775 437 1816 utiles
456 1774 548 1817 fore
569 1777 816 1829 reputantes
835 1775 994 1830 pariter
1014 1778 1057 1817 et
1077 1775 1274 1818 honestas
1294 1791 1342 1817 ac
1361 1776 1407 1818 in
1428 1776 1548 1818 nullo
1567 1776 1689 1819 nobis
1709 1781 1783 1819 aut
1805 1779 2106 1823 successoribus

156 1865 310 1908 nostris
340 1865 640 1921 prejudiciales
667 1868 854 1908 tractatu
885 1866 999 1908 inter
1028 1881 1104 1908 nos
1133 1867 1180 1909 in
1210 1868 1335 1909 domo
1364 1870 1508 1910 nostra
1529 1868 1752 1924 capitulari
1782 1869 2102 1914 LANDAVENsrs

155 1956 229 2013 qui
248 1956 294 1998 in
322 1956 571 2012 hujusmodi
605 1955 942 1999 concessionibus
981 1957 1286 1999 tradicionibus
1306 1961 1348 1999 et
1368 1958 1684 2002 dimissionibus
1704 1961 1934 2017 requiritur
1963 1963 2103 2018 sepius

154 2047 376 2104 prehabito
417 2048 530 2103 ipsas
563 2047 872 2090 concessionem
912 2048 1189 2091 tradicionem
1230 2052 1273 2091 et
1304 2049 1592 2092 dimissionem
1627 2050 1705 2094 sub
1739 2051 1878 2094 forma
1911 2053 1957 2095 in
1990 2054 2103 2096 dicto

154 2139 308 2195 scripto
344 2141 543 2181 contenta
579 2138 862 2195 approbamus
891 2140 1150 2182 ratificamus
1186 2143 1230 2182 et
1263 2144 1473 2196 quantum
1508 2141 1554 2184 in
1589 2142 1711 2185 nobis
1741 2146 1802 2185 est
1833 2145 1978 2186 tenore
2007 2159 2100 2200 pre-

154 2230 339 2272 sentium
371 2230 683 2273 confirmamus.
760 2230 816 2273 In
849 2230 974 2287 cujus
1006 2231 1068 2274 rei
1099 2232 1392 2274 testimonium
1426 2233 1616 2289 sigillum
1647 2237 1840 2277 nostrum
1875 2250 2097 2279 commune

154 2320 419 2377 presentibus
440 2321 642 2363 duximus
663 2323 976 2377 apponendum.

212 2420 377 2462 Datum
405 2420 452 2462 in
483 2421 609 2463 domo
638 2424 783 2463 nostra
814 2421 1039 2477 capitulari
1068 2421 1367 2464 LANDAVENSI
1396 2423 1526 2466 tercio
1557 2424 1625 2466 die
1664 2424 1819 2467 mensis
1854 2424 2099 2469 Decembris

153 2525 265 2553 anno
285 2510 463 2553 Domini
483 2511 707 2553 millesimo
729 2512 1149 2568 quadringentesimo
1169 2513 1379 2556 tricesimo
1399 2515 1595 2557 secundo.

210 2610 302 2653 The
322 2610 408 2653 scal
428 2611 464 2652 is
485 2625 610 2666 gone.

211 2700 280 2730 The
293 2700 405 2737 above,
420 2700 484 2729 and
499 2701 624 2730 several
642 2701 840 2738 subsequent
859 2701 1019 2740 Chai-tere,
1041 2703 1141 2732 relate
1160 2706 1195 2733 to
1212 2703 1269 2733 the
1283 2713 1395 2733 manor
1409 2705 1444 2733 of
1459 2704 1559 2734 Little
1574 2704 1665 2734 Nash
1682 2705 1705 2742 (‘
1715 2705 1820 2735 Parva
1834 2705 1994 2743 Fraxina,’
2008 2715 2043 2736 as
2059 2706 2085 2735 it

162 2756 189 2785 is
204 2755 399 2794 Lafinized),
414 2756 476 2784 and
492 2756 582 2785 show
598 2756 670 2785 how
686 2756 712 2785 it
728 2757 844 2794 passed
859 2758 941 2787 from
957 2758 1110 2787 Llandaff
1126 2762 1159 2788 to
1174 2759 1229 2788 the
1246 2759 1374 2789 Carnes.

211 2820 244 2849 It
265 2821 292 2849 is
312 2820 368 2850 the
390 2820 583 2858 inspeetion,
604 2820 726 2858 recita1‚
747 2822 811 2850 and
833 2822 1067 2860 confirmation,
1082 2823 1127 2861 by
1142 2823 1197 2853 the
1211 2824 1420 2853 Arehdeacon
1435 2824 1498 2853 and
1515 2824 1656 2862 Chapter
1671 2825 1705 2854 of
1726 2824 1887 2863 Llandaff,
1903 2826 1936 2854 of
1958 2835 1976 2854 a
1992 2826 2085 2863 leasc,

161 2875 205 2915 by
220 2876 342 2913 Bishop
356 2875 445 2905 John
461 2875 572 2913 Wells,
587 2877 621 2906 of
637 2876 693 2906 the
707 2886 820 2906 manor
842 2878 875 2907 of
900 2877 990 2907 Nash
1014 2881 1049 2908 to
1075 2878 1202 2909 Howell
1228 2879 1331 2909 Oarne
1351 2880 1416 2909 and
1438 2880 1488 2909 his
1510 2880 1604 2918 heirs,
1625 2881 1677 2910 for
1697 2880 1773 2918 fifty
1795 2890 1896 2918 years,
1920 2883 1954 2910 at
1979 2881 2085 2919 thirty

163 2931 314 2969 shillings
328 2932 496 2970 annually.

209 2995 279 3026 The
300 2996 418 3025 second
447 2995 722 3035 [MCLXXIX.]‚
737 2997 834 3026 dated
859 2997 944 3035 1448,
959 2997 987 3026 is
1011 3007 1029 3026 a
1054 2998 1139 3028 lease
1163 2999 1197 3028 of
1220 2999 1276 3028 the
1300 3008 1388 3029 same
1412 3008 1533 3038 manor,
1547 3000 1591 3039 by
1606 2999 1728 3038 Bishop
1743 3000 1773 3029 N
1775 2999 1896 3030 icholas
1911 2999 2035 3039 Ashby,
2049 3003 2086 3031 to

159 3050 287 3081 Howell
302 3051 413 3090 Carne,
428 3052 478 3081 for
493 3051 582 3090 sixty
598 3060 700 3089 yeme,
715 3052 785 3081 also
800 3052 851 3081 for
866 3052 971 3091 thirty
986 3053 1137 3092 shillings
1151 3055 1319 3094 annually.
