2386 3645
292 256 405 299 1256

231 462 538 506 successoribus
559 466 705 506 contra
725 479 870 506 omnes
890 464 1089 506 mortales
1108 463 1476 506 warentizabimus
1497 467 1538 506 et
1560 464 1838 507 defendemus
1858 464 1904 506 in
1916 467 2184 520 perpetuum.

233 552 291 595 In
312 553 435 610 cujus
454 553 516 596 rei
536 554 828 596 testimonium
850 554 1039 610 sigillum
1061 570 1204 597 meum
1224 554 1323 597 huic
1353 555 1540 611 presenti
1569 555 1722 610 scripto
1743 554 1848 597 duxi
1869 556 2184 611 apponendum.

290 645 457 687 Datum
487 646 602 700 apud
630 644 836 687 AVENAM
867 645 935 687 die
965 645 1091 687 Lune
1121 646 1315 701 proxima
1345 648 1441 701 post
1469 646 1628 688 festum
1673 645 1788 688 beati
1823 645 1852 688 J
1855 660 2055 688 OHANNIS
2085 649 2186 689 ante

230 738 400 791 portam
419 734 623 778 Latinam
644 751 756 778 anno
776 736 939 779 domini
959 736 1183 779 millesimo
1204 743 1330 778 cccm-
1358 736 1682 792 quadragesimo
1704 737 1851 791 primo.

293 824 391 868 Seal
411 841 456 868 as
475 825 633 878 before,
655 827 730 869 red
750 842 857 879 wax,
881 826 1075 882 chipped.
2231 830 2249 855 N

294 915 590 959 Endorsed—‘
607 917 636 960 J
639 917 826 960 ohannes
851 918 903 959 de
933 917 1098 969 Avene,
1127 916 1278 959 miles.'
1341 920 1350 938 ‘
1367 916 1470 959 Tres
1491 932 1583 959 acre
1598 920 1639 959 et
1661 918 1839 960 dimidia
1858 918 1970 974 prati
1990 918 2036 960 in
2057 917 2186 961 Avan

234 1007 314 1050 sub
334 1009 471 1051 metis.
537 1008 678 1051 1341?

928 1201 930 1203 ¹
968 1232 1445 1275 DcoocLXXXIX.

234 1338 450 1383 GRANT
501 1340 589 1383 BY
629 1340 923 1384 WILLIAM
973 1340 1051 1382 OF
1102 1339 1183 1382 ST.
1231 1340 1509 1391 DONAT’S,
1561 1340 1768 1383 ABBOT
1819 1340 1898 1383 OF
1948 1341 2187 1395 NEAT'H,

379 1431 454 1474 ΤΟ
526 1431 628 1474 SIR
687 1431 968 1474 EDWARD
1028 1431 1114 1474 DE
1181 1431 1672 1484 STRADELYNGH,
1732 1431 1901 1475 LORD
1964 1433 2043 1475 OF
2103 1432 2186 1476 ST.

376 1522 639 1566 DONAT'S
686 1522 1073 1574 ENGLISHRY,
1130 1522 1266 1565 AND
1319 1522 1427 1566 HIS
1478 1523 1661 1576 WIFE,
1714 1523 1793 1565 OF
1843 1523 2186 1568 SPIRITUM,

381 1613 874 1657 PARTIOIPATION
914 1613 1048 1656 AND
1091 1613 1556 1657 ANNIVERSARY
1597 1614 1669 1657 IN
1711 1614 1842 1657 THE
1883 1615 2113 1658 ABBEY.

1017 1720 1234 1774 [FRANC1s
1274 1720 1390 1775 Ms]

1352 1812 1406 1853 20
1439 1811 1540 1854 OcT.
1607 1813 1657 1854 15
1690 1812 1818 1854 Enw.
1851 1811 1942 1854 111.
2007 1814 2132 1856 1341.

294 1919 505 1963 Omnibus
546 1919 735 1962 CHRISTI
782 1920 978 1962 fidelibus
1018 1935 1189 1976 presens
1238 1919 1442 1974 scriptum
1492 1919 1643 1961 visuris
1697 1920 1764 1961 vel
1804 1920 2014 1962 audituris
2053 1921 2189 1964 frater

233 2010 520 2054 WILLELMUS
570 2011 621 2052 de
658 2009 814 2053 Sancto
855 2010 1043 2052 DONATO
1077 2010 1206 2052 abbas
1241 2009 1489 2052 monasterii
1524 2009 1646 2052 beate
1681 2009 1841 2052 MARIE
1879 2011 1930 2052 de
1969 2010 2109 2053 NETH
2145 2014 2189 2054 et

241 2101 434 2158 ejusdem
467 2100 549 2143 loci
589 2104 820 2143 conventus
861 2101 1040 2144 salutem
1080 2102 1127 2143 111
1167 2101 1368 2143 Domino.
1451 2100 1560 2143 Cum
1601 2101 1799 2142 domiuus
1840 2101 2103 2144 EDWARDUS
2138 2103 2192 2145 de

233 2192 572 2235 STRADELYNGH
619 2192 740 2234 miles
775 2193 972 2235 dominus
1009 2194 1061 2234 de
1101 2192 1257 2235 Sancto
1298 2192 1486 2234 DONATO
1518 2190 1789 2234 ANGLmANo
1823 2208 1960 2248 nuper
2000 2209 2077 2235 nos
2109 2209 2185 2249 per

243 2286 402 2326 cartam
434 2298 553 2325 suam
583 2283 779 2325 feoffavit
810 2284 862 2326 de
892 2299 980 2325 una
1002 2299 1097 2326 acra
1118 2287 1227 2325 terre
1248 2283 1295 2325 in
1316 2284 1429 2325 dicta
1457 2283 1559 2324 villa
1580 2284 1632 2324 de
1654 2282 1809 2325 Sancto
1831 2283 2020 2326 DONATO
2063 2284 2192 2327 simul

241 2390 339 2418 cum
369 2374 647 2416 advocacione
668 2374 837 2416 ecclesie
858 2374 1051 2431 ejusdem
1071 2375 1172 2416 ville
1203 2377 1329 2430 prout
1350 2375 1396 2416 in
1419 2382 1533 2416 carta
1555 2374 1746 2430 predicta
1767 2375 1931 2416 domini
1960 2375 2190 2418 EDWARDI

240 2466 363 2509 nobis
392 2467 493 2507 inde
514 2466 704 2508 confecta
724 2466 891 2522 plenius
912 2466 1152 2509 continetur
1185 2501 1193 2508 .
1226 2466 1319 2509 Nos
1350 2466 1539 2508 volentes
1569 2481 1695 2521 super
1724 2465 1802 2508 hoc
1831 2466 1967 2508 vicem
1996 2481 2072 2522 pro
2103 2467 2194 2510 vice

241 2559 416 2601 reddere
431 2557 661 2599 salutarem
678 2590 687 2599 .
707 2557 988 2600 Ooncedimus
1004 2558 1141 2599 eidem
1158 2557 1330 2599 domino
1345 2557 1581 2599 EDWARDo
1599 2572 1674 2612 pro
1691 2556 1812 2599 nobis
1827 2560 1869 2599 et
1887 2558 2191 2601 successoribus

243 2648 398 2691 nostris
429 2649 541 2704 quod
571 2648 661 2704 ipse
694 2651 737 2690 et
770 2648 931 2690 ELENA
964 2663 1130 2691 consors
1162 2648 1257 2704 ejus
1288 2651 1330 2690 et
1361 2663 1506 2690 omnes
1537 2648 1659 2689 liberi
1690 2663 1836 2690 eorum
1866 2649 2056 2690 decetero
2086 2649 2194 2691 fiant

245 2739 472 2796 participes
492 2739 685 2781 omnium
705 2739 913 2782 bonorum
942 2738 1229 2796 spiritualium
1257 2754 1339 2794 que
1367 2739 1471 2781 fient
1492 2738 1537 2780 in
1558 2739 1813 2780 monasterio
1835 2742 1978 2781 nostro
2002 2740 2192 2795 predicto

244 2831 574 2887 imperpetuum.

302 2921 502 2964 Preterea
523 2922 789 2964 concedimus
809 2937 885 2978 pro
905 2922 1027 2965 nobis
1043 2925 1086 2964 et
1107 2921 1410 2964 successoribus
1430 2921 1584 2962 nostris
1605 2920 1742 2962 eidem
1763 2921 1935 2963 domino
1956 2921 2194 2963 EDWARDO

243 3013 356 3069 quod
378 3012 714 3054 anniversarium
734 3013 866 3069 ipsius
887 3016 981 3069 post
1002 3014 1217 3055 decessum
1238 3027 1362 3054 suum
1384 3012 1457 3053 fiet
1477 3011 1522 3053 in
1545 3011 1800 3053 monasterio
1820 3015 1964 3054 nostro
1981 3013 2033 3054 de
2053 3012 2099 3055 N
2101 3027 2194 3055 ΕΤΗ
