2386 3645
247 299 357 341 1384

242 509 392 553 Sciatis
412 511 526 566 quod
548 524 645 551 cum
666 523 811 551 sumus
831 507 1040 550 debitores
1061 522 1108 549 ac
1129 507 1318 549 volentes
1338 507 1515 563 proinde
1537 521 1633 549 cum
1661 505 1813 548 abbate
1843 509 1886 547 et
1916 508 2127 548 conventu

182 601 426 644 monasterii
462 600 514 643 B.
539 600 602 642 M.
625 601 678 642 de
707 599 908 641 MoRGAN
930 612 1055 654 agere
1076 598 1259 654 gratiose
1279 598 1474 654 ipsosque
1494 602 1543 639 ut
1564 596 1721 639 divinis
1741 595 1952 651 obsequiis
1972 595 2128 651 absque

184 691 503 747 perturbacione
527 706 600 733 seu
630 689 935 746 impedimento
964 688 1287 731 malefactorum
1318 689 1459 744 quiete
1488 688 1709 730 intendere
1739 687 1909 729 valeant
1938 701 1963 728 a
1992 685 2131 728 noxiis

182 797 421 837 preservare
452 781 709 837 suscepimus
739 781 913 822 domum
943 779 1187 821 monasterii
1217 779 1396 834 predicti
1426 794 1474 820 ac
1501 779 1675 821 dilectos
1705 777 1826 820 nobis
1856 777 1900 818 in
1930 776 2127 818 CHmsTo

182 871 377 914 abbatem
399 877 441 914 et
464 876 719 914 conventum
740 870 983 913 monasterii
1005 870 1183 925 predicti
1212 873 1254 912 et
1285 884 1430 912 omnes
1460 884 1682 912 conversos
1711 868 1871 910 ibidem
1901 881 2130 922 eorumque

182 962 294 1005 bona
333 977 582 1018 quecunque
623 961 878 1016 ubicumque
921 960 1141 1001 extiterint
1182 959 1296 1001 infra
1337 960 1575 1002 dominium
1614 964 1808 1001 nostrum
1851 957 2045 1001 WAmE
2085 957 2131 999 in

183 1054 489 1109 proteccionem
525 1057 568 1095 et
603 1053 894 1095 defensionem
934 1054 1121 1093 nostram
1158 1051 1381 1105 specialem
1424 1085 1432 1092 .
1476 1050 1537 1092 Et
1576 1051 1670 1092 ideo
1712 1049 1833 1092 vobis
1874 1054 1916 1092 et
1957 1048 2131 1091 cuilibet

183 1149 370 1187 vestrum
390 1144 662 1200 injungimus
683 1146 724 1185 et
745 1143 997 1184 mandamus
1022 1142 1135 1196 quod
1166 1141 1341 1182 domum
1371 1141 1617 1183 monasterii
1647 1140 1826 1196 predicti
1857 1140 2056 1182 abbatem
2087 1142 2130 1181 et

181 1239 437 1278 conventum
459 1237 501 1276 et
522 1248 666 1275 omnes
687 1247 905 1275 conversos
935 1232 1144 1287 predictos
1175 1246 1404 1286 eorumque
1434 1231 1546 1273 bona
1577 1245 1840 1287 quecumque
1871 1230 2129 1285 ubicumque

181 1325 402 1368 extiterint
439 1323 750 1366 manuteneatis
785 1322 1018 1378 protegatis
1053 1326 1096 1363 et
1128 1321 1369 1363 defendatis
1403 1336 1489 1363 non
1525 1321 1756 1363 inferentes
1790 1321 1849 1362 eis
1882 1320 1949 1362 vel
1979 1319 2129 1362 inferri

180 1417 472 1473 permittentes
507 1415 713 1471 injuriam
745 1413 983 1456 molestiam
1018 1414 1254 1468 dampnum
1292 1412 1543 1454 violenciam
1571 1411 1928 1467 impedimentum
1956 1410 2130 1466 aliquod

180 1523 251 1550 seu
287 1521 517 1563 gravamen
554 1540 561 1548 .
600 1505 663 1547 Et
692 1505 727 1547 si
758 1505 861 1560 quid
892 1504 950 1546 eis
980 1503 1247 1546 forisfactum
1284 1503 1370 1545 sive
1402 1503 1658 1559 injuriatum
1688 1502 1820 1544 fuerit
1860 1502 1905 1543 id
1946 1501 2005 1543 eis
2041 1501 2130 1543 sine

181 1599 383 1641 dilatione
404 1597 571 1640 faciatis
592 1597 806 1638 emendari
839 1629 847 1638 .
882 1595 1095 1638 Volumus
1115 1595 1248 1637 eciam
1269 1595 1384 1650 quod
1404 1594 1519 1636 idem
1540 1593 1670 1636 abbas
1690 1593 1864 1635 interim
1884 1592 1939 1635 sit
1961 1592 2129 1648 quietus

179 1691 230 1732 de
262 1688 457 1732 omnibus
487 1688 652 1744 placitis
684 1691 725 1730 et
757 1687 936 1743 querelis
966 1687 1092 1729 motis
1122 1687 1190 1728 vel
1220 1686 1440 1729 movendis
1470 1685 1656 1741 exceptis
1687 1684 1853 1740 placitis
1883 1684 1993 1726 dotis
2015 1684 2130 1725 unde

180 1780 312 1822 nichil
328 1780 454 1821 habet
473 1794 602 1835 quare
615 1779 795 1834 impedit
807 1778 958 1820 ultime
974 1777 1303 1834 presentacionis
1319 1781 1361 1818 et
1377 1777 1502 1818 assise
1518 1791 1626 1818 nove
1643 1775 1872 1818 disseisine.
1916 1774 2131 1817 Nolumus

180 1873 294 1914 enim
317 1872 430 1927 quod
452 1872 504 1913 de
526 1870 735 1913 warennis
756 1869 944 1926 piscariis
964 1869 1098 1911 boscis
1118 1868 1256 1910 bladis
1277 1868 1388 1910 fenis
1419 1868 1537 1923 equis
1567 1867 1740 1910 carectis
1770 1865 1966 1922 cariagiis
1997 1864 2130 1907 bobus

181 1963 316 2005 vaccis
346 1963 481 2018 porcis
513 1962 661 2005 ovibus
692 1965 766 2003 aut
796 1961 890 2003 aliis
919 1961 1042 2003 bonis
1073 1963 1115 2003 et
1145 1960 1309 2002 catallis
1329 1960 1615 2016 predictorum
1640 1957 1806 2000 abbatis
1826 1959 2059 1999 conventus
2089 1959 2131 1998 et

183 2069 478 2096 conversorum
499 2054 785 2109 predictorum
821 2051 1105 2109 [ubicunque]
1140 2052 1317 2094 inventa
1346 2050 1508 2092 fuerint
1539 2053 1685 2092 contra
1715 2049 1981 2091 voluntatem
2012 2061 2132 2089 suam

186 2145 413 2200 quicquam
444 2144 647 2199 capiatur.
709 2143 765 2185 In
797 2143 919 2199 cujus
949 2142 1009 2185 rei
1039 2141 1331 2185 testimonium
1361 2140 1438 2183 has
1467 2140 1610 2183 literas
1640 2142 1804 2182 nostras
1835 2138 1926 2181 fieri
1955 2138 2134 2180 fecimus

186 2238 380 2291 patentes
401 2250 476 2291 per
497 2249 632 2277 unum
653 2249 815 2277 annum
836 2235 1073 2276 duraturas.

245 2326 410 2369 Datum
441 2327 555 2382 apud
587 2325 802 2367 KAERDlF
832 2325 1029 2367 vicesimo
1059 2324 1128 2366 die
1158 2323 1267 2366 Maii
1298 2337 1410 2365 anno
1440 2338 1472 2364 r.
1497 2322 1550 2365 R.
1586 2321 1816 2363 RmHARm
1840 2320 2013 2363 secundi
2043 2321 2137 2375 post

191 2421 467 2473 conquestum
488 2417 650 2460 decimo
670 2431 797 2459 nono.

252 2508 348 2551 Seal
370 2524 492 2565 gone.
