2386 3645
316 265 427 306 1528

256 471 528 527 pertinenciis
561 471 608 513 in
632 470 770 513 forma
796 470 985 526 predicte,
1016 470 1182 526 prefato
1214 469 1244 514 J
1246 484 1423 512 OHANNI
1451 473 1494 512 et
1520 469 1746 512 heredibus
1773 470 1859 512 suis
1886 472 2031 512 contra
2058 483 2202 512 omnes

256 565 406 618 gentes
426 562 766 605 warantizabunt
785 565 828 604 et
848 561 1092 605 defendent.
1154 560 1210 603 In
1244 561 1367 618 cujus
1392 561 1454 604 rei
1480 560 1772 603 testimonium
1805 560 1906 603 huic
1937 560 2050 616 parti
2081 560 2204 602 istius

257 652 485 696 indenture
510 668 640 709 penes
669 653 883 709 prefatum
915 652 945 696 J
947 666 1170 694 OHANNEM
1206 655 1250 694 et
1283 652 1457 694 heredes
1489 666 1584 694 suos
1617 650 1820 693 residenti
1851 650 2064 706 predictus
2095 649 2201 693 Gn,-

259 758 427 786 BERTUS
447 745 638 801 sigillum
659 760 783 787 suum
803 744 1011 800 apposuit.
1072 743 1133 785 Et
1153 743 1276 785 alteri
1296 743 1409 798 parti
1428 743 1551 785 istius
1570 742 1797 785 indenture
1817 756 1946 798 penes
1965 741 2202 798 predictum

260 835 534 879 GILBERTUM
583 838 627 878 et
665 835 839 878 heredes
890 850 986 877 suos
1033 834 1272 876 remanenti
1311 834 1526 890 predictus
1564 833 1594 877 J
1597 847 1807 875 OHANNES
1847 833 2039 889 sigillum
2078 847 2203 875 suum

257 927 465 982 apposuit.
546 926 649 969 Hiis
688 925 867 969 testibus
905 959 913 967 .
948 924 1168 968 JOHANNE
1201 925 1240 967 le
1273 925 1403 967 EYRE
1436 959 1444 967 .
1479 924 1713 967 MAURICIO
1748 924 1906 966 DENYS
1940 957 1948 966 .
1983 923 2203 966 JOHANNE

258 1017 438 1060 Boan,
481 1052 488 1060 .
532 1017 700 1060 ΤΗΟΜΕ
740 1016 919 1058 PHIPPE
960 1017 1012 1058 de
1049 1015 1243 1058 COYTIFF
1287 1049 1295 1058 .
1337 1016 1528 1058 JANKYN
1561 1031 1615 1072 ap
1649 1015 1803 1058 JEVAN
1837 1030 1891 1071 ap
1931 1014 2110 1056 HOWEL
2150 1028 2204 1069 ap

261 1107 515 1151 GRUFFETH
539 1143 546 1151 .
571 1107 739 1151 THOMA
761 1107 1012 1151 WALsscHE
1034 1110 1077 1148 et
1096 1107 1244 1149 multis
1263 1107 1370 1149 aliis.

316 1199 434 1242 Data
454 1201 569 1255 apud
600 1198 792 1242 Ooyrmr
814 1199 883 1241 die
904 1198 1028 1241 Lune
1061 1198 1254 1253 proximo
1284 1201 1379 1253 post
1406 1198 1566 1240 festum
1591 1198 1785 1240 omnium
1813 1197 2065 1239 Sanctorum
2092 1210 2206 1238 anno

259 1291 384 1347 regni
405 1290 539 1347 Regis
559 1290 765 1332 HEchl
787 1289 896 1332 sexti
915 1292 1010 1345 post
1031 1296 1309 1344 conquestum
1330 1289 1492 1344 quinto.

317 1381 445 1412 Gilbert
461 1381 663 1411 Turberville
678 1390 744 1410 was
767 1380 850 1409 Lord
865 1380 898 1409 of
924 1379 1131 1418 Tythegston
1148 1380 1212 1408 and
1227 1379 1468 1416 Llandevodog,
1484 1379 1547 1408 and
1563 1388 1630 1408 was
1645 1379 1821 1408 concerned
1837 1378 1869 1406 in
1890 1378 1945 1408 the
1967 1377 2143 1407 abduetion
2165 1378 2198 1406 of

270 1437 442 1475 Margaret,
459 1437 549 1475 Lady
565 1437 757 1474 MaIestrunt,
772 1445 807 1465 as
823 1436 946 1465 related
956 1436 988 1464 in
1003 1436 1059 1465 the
1075 1435 1168 1464 Rolls
1184 1436 1217 1464 of
1233 1435 1434 1464 Parliament
1454 1434 1511 1473 [V.
1529 1435 1595 1473 15].

316 1493 405 1522 John
421 1493 600 1531 Stradlyng
614 1502 680 1522 was
694 1502 736 1521 no
752 1493 853 1521 doubt
868 1492 924 1521 the
939 1491 1027 1521 John
1043 1492 1081 1520 de
1097 1493 1191 1521 Aune
1206 1492 1239 1520 of
1255 1491 1359 1520 MCV.

1080 1973 1395 2017 MGXXXVI.

261 2083 640 2127 PERPETUAL
684 2083 884 2126 LEASE
937 2083 1024 2126 BY
1055 2083 1157 2126 SIR
1192 2082 1221 2125 J
1225 2081 1361 2125 OHN
1392 2079 1775 2124 STRADLYNG
1805 2079 1882 2122 TO
1914 2077 2208 2123 WILLIAM

405 2174 794 2227 LAULESTON,
845 2174 924 2216 OF
983 2173 1028 2216 A
1087 2172 1421 2217 MESSUAGE
1476 2171 1548 2215 IN
1609 2170 1891 2222 OOITYFF,
1932 2169 2077 2222 ETO„
2127 2168 2211 2212 AT

406 2266 451 2308 A
499 2265 764 2308 YEARLY
815 2264 985 2308 RENT
1037 2264 1115 2307 OF
1165 2264 1338 2307 FOUR
1387 2261 1741 2307 SHILLINGS.

1118 2371 1189 2427 [G.
1214 2371 1266 2414 Gr.
1291 2370 1366 2428 Ε]

1401 2463 1426 2503 6
1456 2461 1622 2503 APRIL.
1685 2461 1710 2502 5
1733 2459 1859 2502 ΗΕΝ.
1882 2458 1964 2502 VI.
2028 2458 2152 2500 1427.

320 2573 417 2616 Hec
446 2572 677 2615 indentura
706 2572 822 2615 facta
851 2572 963 2614 inter
992 2571 1022 2615 J
1024 2585 1249 2614 OHANNEM
1289 2569 1561 2612 STRADLYNG
1591 2568 1773 2611 militem
1803 2582 1856 2609 ex
1886 2569 2006 2623 parte
2045 2580 2133 2608 una
2171 2567 2214 2607 et

264 2664 566 2709 WILLELMUM
586 2663 858 2706 LAULESTON
879 2678 932 2705 ex
951 2667 1072 2719 parte
1093 2663 1227 2705 altera
1246 2664 1428 2704 testatur
1449 2660 1563 2716 quod
1590 2659 1804 2716 predictus
1836 2657 1866 2701 J
1869 2671 2079 2700 OHANNES
2094 2655 2213 2699 dedit

265 2755 467 2799 concessit
492 2758 535 2797 et
562 2754 828 2798 confirmavit
851 2769 987 2797 unum
1015 2754 1283 2810 mesuagium
1303 2767 1401 2795 cum
1420 2766 1507 2794 uno
1528 2754 1620 2793 orto
1650 2749 1875 2806 adjacente
1905 2749 2020 2804 quod
2040 2747 2213 2803 quidem

264 2846 531 2902 mesuagium
561 2861 657 2888 cum
689 2845 802 2888 dicto
832 2850 923 2888 orto
951 2845 1166 2902 predictus
1195 2844 1224 2887 J
1227 2858 1438 2886 OHANNES
1467 2841 1618 2884 habuit
1648 2856 1701 2884 ex
1731 2841 1843 2883 dono
1870 2841 1912 2882 et
1938 2838 2215 2881 feoffamento

265 2937 293 2980 J
296 2951 496 2979 OHANNIS
544 2935 745 2978 MACHON
785 2936 992 2991 capellani
1032 2936 1077 2977 in
1118 2936 1220 2978 villa
1259 2936 1312 2977 de
1354 2934 1548 2977 OorrYFF
1583 2937 1710 2988 prout
1751 2930 1911 2973 ibidem
1949 2929 2063 2986 jacet
2103 2929 2215 2970 inter

265 3027 533 3084 mesuagium
567 3043 704 3083 nuper
732 3027 895 3070 Auem
926 3028 1049 3070 Pom
1079 3028 1125 3069 in
1156 3029 1277 3083 parte
1311 3025 1561 3069 occidentali
1591 3027 1634 3067 et
1663 3024 1955 3066 tenementum
1985 3020 2216 3064 NICHOLAI
