2386 3645
1936 251 2047 294 1315

160 448 299 491 locum
318 450 374 492 ad
392 450 707 506 procedendum
726 449 773 492 in
794 449 906 492 dicto
926 449 1102 506 negocio
1123 452 1269 493 contra
1289 451 1457 494 eosdem
1474 485 1483 494 .
1505 456 1633 508 prout
1651 457 1858 499 retroacta
1878 459 2102 514 requirunt

159 541 203 582 et
221 540 400 583 ulterius
419 540 664 583 faciendum
684 540 798 596 quod
819 539 951 582 fuerit
970 539 1137 596 justum
1161 540 1251 597 [in]
1277 541 1389 584 dicto
1409 542 1598 598 negocio.

217 629 387 678 Quibus
406 631 475 674 die
495 633 538 674 et
557 631 648 673 1000
667 640 789 686 parte
811 629 1076 687 ac[cusante]
1100 632 1151 673 ut
1170 630 1288 687 prius
1315 664 1324 673 .
1350 631 1517 687 prefato
1538 633 1659 676 REso
1679 635 1806 679 citato
1825 641 2101 693 personaliter

157 724 427 777 comparente
454 724 497 764 et
515 721 659 778 jurato
685 721 946 777 judicialiter
970 720 1233 764 confessante
1264 723 1378 777 quod
1407 722 1539 779 pisces
1564 723 1610 767 in
1637 740 1748 785 aqua
1774 729 1818 770 et
1845 728 2022 783 piscaria
2048 732 2101 775 de

157 811 324 854 Avmm
357 812 470 868 cepit
505 814 548 855 et
582 812 816 868 asportavit
850 826 1037 855 asserens
1069 812 1204 855 dictos
1237 813 1371 869 pisces
1406 800 1450 856 se
1483 813 1599 870 juste
1631 818 1862 874 percepisse
1888 823 1932 862 et
1963 822 2020 864 sic
2054 823 2101 866 in

154 903 414 946 sentenciam
448 903 900 946 excommunicacionis
932 903 1141 946 incidisse.
1202 903 1344 947 Datus
1374 908 1437 947 est
1468 906 1558 948 dies
1592 907 1751 951 eisdem
1782 911 1838 952 ad
1870 926 1993 956 omne
2027 914 2099 970 jus

156 1009 282 1037 suum
311 993 580 1051 probandum
609 994 655 1037 in
685 1010 734 1037 ea
762 997 883 1050 parte
911 1028 920 1037 .
951 995 1148 1038 videlicet
1178 995 1248 1038 die
1287 995 1414 1039 Lune
1448 999 1552 1040 tunc
1582 999 1778 1054 proxima
1816 1006 2016 1058 sequente
2054 1006 2102 1049 in

155 1085 329 1128 ecclesia
356 1087 409 1128 de
436 1085 569 1129 Novo
591 1085 762 1129 OAsrRo
790 1087 843 1129 de
873 1101 1082 1129 concensu
1110 1087 1300 1143 partium
1325 1089 1608 1144 peremptorie
1631 1092 1673 1132 et
1702 1092 1860 1147 precise
1890 1128 1899 1136 .
1925 1094 2100 1152 ipsoque

155 1191 254 1219 vero
274 1176 438 1219 HonLo
458 1177 578 1220 nullo
598 1178 724 1220 modo
746 1180 1015 1233 comparente
1034 1178 1312 1234 personaliter
1327 1178 1455 1221 citato
1471 1181 1514 1222 et
1526 1183 1748 1236 expectato
1763 1198 1816 1225 ex
1835 1183 2102 1242 benignitate

152 1283 287 1324 usque
308 1269 362 1310 ad
383 1268 498 1311 diem
518 1267 653 1311 LUNE
674 1268 914 1324 proximam
934 1269 1050 1325 apud
1070 1268 1243 1311 NovnM
1265 1269 1478 1312 CASTRUM
1493 1304 1501 1312 .
1517 1269 1548 1313 J
1549 1285 1760 1316 OHANNES
1779 1289 1878 1318 vero
1899 1275 2103 1321 PHILPOT

153 1361 197 1401 et
229 1359 355 1402 ceteri
386 1359 578 1415 superius
607 1359 818 1402 nominati
850 1359 1098 1402 fatebantur
1130 1375 1173 1403 se
1207 1360 1253 1403 in
1288 1375 1399 1416 aqua
1433 1364 1477 1403 et
1503 1361 1681 1417 piscaria
1708 1365 1761 1407 de
1788 1364 2023 1426 KEN[F1G]
2060 1373 2103 1414 et

153 1449 321 1492 AvENE
357 1450 600 1506 aliqualiter
633 1450 859 1506 deliquisse
891 1450 1027 1507 jurati
1061 1485 1070 1493 .
1107 1451 1344 1494 transmissi
1378 1456 1479 1495 sunt
1519 1453 1573 1495 ad
1605 1454 1738 1498 dictos
1769 1457 1987 1514 religiosos
2024 1476 2102 1517 pro

150 1541 290 1598 gratia
309 1544 352 1584 et
372 1541 640 1584 absolucione
661 1541 895 1598 optinenda
916 1576 925 1584 .
949 1542 1054 1584 citra
1074 1542 1188 1584 diem
1215 1542 1488 1586 Dominicam
1509 1544 1747 1600 proximam
1768 1552 2025 1603 sequentem.

210 1632 378 1679 Quibus
411 1632 480 1675 die
511 1634 555 1675 et
589 1632 681 1675 loco
713 1635 834 1688 parte
870 1632 1136 1689 ac[cusante]
1178 1668 1186 1676 .
1221 1636 1271 1676 ut
1295 1634 1413 1690 prius
1445 1668 1454 1677 .
1485 1635 1652 1691 prefato
1680 1636 1800 1680 Raso
1824 1642 2102 1695 personaliter

152 1727 421 1780 comparente
443 1757 452 1766 .
474 1723 679 1780 nulloque
699 1724 943 1767 testimonio
964 1740 1038 1767 seu
1059 1724 1143 1766 alia
1162 1724 1415 1781 probacione
1434 1727 1692 1782 producente
1718 1763 1727 1771 .
1755 1730 1897 1774 Datus
1923 1735 1986 1775 est
2020 1734 2102 1778 sibi

151 1816 240 1858 dies
281 1816 336 1857 ad
366 1814 654 1857 intencionem
688 1829 810 1857 suam
844 1816 900 1857 ad
932 1815 1012 1858 hoc
1042 1817 1323 1872 peremptorie
1358 1816 1627 1872 probandum
1648 1852 1658 1862 .
1690 1820 1888 1865 videlicet
1923 1825 1992 1865 vm·
2030 1826 2100 1869 die

147 1907 306 1949 mensis
325 1905 574 1949 Decembris
592 1905 639 1948 in
660 1906 832 1948 ecclesia
852 1907 905 1948 de
925 1906 1167 1949 KENEFEG.
1228 1907 1289 1950 Et
1315 1908 1416 1963 quia
1436 1908 1574 1952 dictus
1604 1909 1794 1954 Honos
1823 1914 1943 1957 nullo
1973 1918 2099 1961 modo

148 2012 388 2053 comparere
418 1997 582 2039 curavit
613 2031 622 2039 .
654 1996 838 2039 inhibita
868 2000 932 2040 est
962 1998 1202 2040 communio
1237 1999 1329 2040 fieri
1363 2014 1460 2041 cum
1500 2001 1648 2044 eodem
1690 2035 1699 2044 .
1742 2004 1906 2048 casibus
1938 2022 1963 2049 a
2001 2008 2098 2064 jure

145 2088 359 2146 premissis
379 2089 604 2130 dumtaxat
625 2088 824 2144 exceptis.
885 2088 947 2130 Et
967 2090 1184 2132 decretum
1204 2092 1267 2131 est
1288 2091 1471 2133 eundem
1500 2091 1592 2134 fore
1619 2093 1838 2138 citandum
1868 2098 1924 2140 ad
1952 2114 2095 2154 proce-

146 2181 337 2223 dendum
355 2195 369 2235 J
377 2181 483 2221 uxta
502 2182 760 2222 retroactum
779 2181 823 2222 in
845 2181 1023 2237 negocio
1042 2184 1277 2224 memorato
1295 2215 1304 2224 .
1322 2183 1377 2224 ad
1398 2182 1511 2225 diem
1526 2186 1569 2225 et
1588 2185 1727 2228 locum
1748 2190 2091 2247 suprascriptum.

201 2270 533 2313 Memorandum
556 2305 564 2314 .
588 2273 703 2327 quod
731 2272 887 2314 ultima
913 2273 982 2315 die
1010 2273 1329 2329 comparicionis
1353 2275 1468 2330 apud
1499 2274 1736 2334 KEN[F1G]
1759 2279 1950 2334 prefatus
1973 2282 2094 2327 REEs

143 2360 312 2418 publice
335 2395 343 2404 .
367 2363 410 2403 et
439 2361 702 2417 judicialiter
726 2363 945 2406 fatebatur
967 2397 975 2405 .
999 2365 1113 2420 quod
1144 2364 1405 2420 antiquiores
1430 2366 1495 2408 sui
1522 2366 1720 2411 videlicet
1748 2368 1901 2426 [blank
1926 2372 2025 2416 here
2044 2375 2091 2417 in

141 2452 214 2496 the
249 2451 369 2509 MS]
407 2454 621 2508 quendam
656 2453 874 2497 hominem
908 2456 1151 2510 penderunt
1186 2457 1229 2498 et
1261 2471 1336 2498 suo
1368 2456 1529 2512 judicio
1561 2457 1868 2504 interfecerunt
1899 2463 1945 2506 in
1975 2466 2090 2509 curia

141 2545 373 2587 eorundem
412 2547 586 2600 propter
621 2547 735 2601 quod
770 2546 1112 2602 jurisdictionem
1145 2547 1357 2589 curiarum
1391 2549 1669 2603 perdiderunt
1701 2554 1744 2593 et
1777 2552 2085 2601 forisfecerunt.

140 2636 202 2678 Et
221 2636 325 2678 dicti
344 2635 532 2691 religiosi
551 2636 676 2692 plura
696 2637 981 2680 instrumenta
1002 2637 1288 2681 exhibuerunt
1315 2674 1323 2681 .
1348 2640 1739 2696 appropriacionem
1768 2645 2059 2692 confirmatam
2074 2684 2083 2692 .

138 2730 183 2770 et
211 2726 561 2783 composicionem
591 2729 635 2770 et
663 2727 749 2770 alia
778 2728 1063 2771 instrumenta
1093 2730 1148 2772 ad
1177 2729 1465 2772 intencionem
1494 2746 1616 2774 suam
1642 2732 1910 2787 probandum
1933 2736 1979 2779 in
2006 2738 2086 2783 hac

139 2822 272 2874 parte.

197 2908 365 2956 Quibus
391 2909 460 2951 die
488 2911 531 2952 et
557 2909 648 2952 loco
674 2912 796 2966 parte
825 2909 1096 2968 ac[cusante]
1121 2913 1164 2954 et
1184 2910 1305 2953 REso
1325 2913 1375 2954 ut
1394 2911 1512 2967 prius
1533 2914 1873 2968 comparentibus
1891 2919 2085 2973 partibus

137 2999 292 3056 juratis
321 3000 374 3042 de
395 3014 519 3042 eausa
548 3002 592 3043 et
618 2999 848 3058 ve[ritate]
882 3001 1061 3045 dicenda
1090 3002 1319 3058 producere
1350 3001 1545 3058 pluribus
1574 3003 1753 3047 testibus
1782 3007 1834 3049 de
1855 3007 2082 3069 ve[ritate]
