2386 3645
269 282 379 323 1630

205 491 299 544 post
329 489 544 531 decessum
573 487 752 544 predicti
783 487 987 530 RoBERTI
1019 488 1214 530 volumus
1235 491 1276 530 et
1296 503 1371 544 per
1390 490 1603 544 presentes
1623 487 1889 530 concedimus
1908 489 2022 543 quod
2051 503 2144 544 pre·

205 579 368 621 dictum
387 579 625 621 manerium
650 593 746 621 cum
777 578 1044 634 pertinentiis
1074 593 1237 620 necnon
1268 579 1410 620 omnia
1439 582 1549 620 terre
1578 580 1822 620 tenementa
1850 580 1973 633 prata
1993 593 2145 633 pascua

202 673 372 725 pasture
403 669 516 711 bosci
547 670 738 711 redditus
772 670 1027 711 reversiones
1052 671 1094 710 et
1127 669 1300 711 servicia
1332 669 1520 724 predicta
1551 684 1648 711 cum
1680 668 1948 723 pertinentiis
1978 669 2144 725 integre

201 762 450 803 remaneant
478 759 723 802 Lnnowmo
751 760 996 802 MATHEWE
1027 759 1236 815 armigero
1257 763 1300 802 et
1329 760 1622 802 EmzABETHE
1653 759 1777 801 uxori
1797 758 1903 815 ejus.
1965 759 2143 802 Haben-

200 851 304 893 dum
335 854 377 892 et
403 852 637 894 tenendum
663 851 820 893 eisdem
853 849 1096 892 Lnnowmo
1124 852 1166 892 et
1196 850 1489 892 ELIZABETHE
1519 864 1565 891 ac
1592 849 1817 892 heredibus
1845 852 1888 892 et
1917 850 2142 906 assignatis

201 942 286 983 suis
307 942 351 983 in
373 944 626 997 perpetuum
647 942 698 983 de
715 940 965 997 capitalibus
986 941 1169 982 dominis
1188 941 1304 983 feodi
1324 941 1439 983 illius
1460 956 1533 996 per
1554 940 1728 983 servicia
1747 940 1847 982 inde
1869 940 2012 983 debita
2028 944 2069 983 et
2089 942 2142 984 de

192 1031 288 1088 jure
309 1035 519 1074 consueta.
582 1031 637 1073 In
659 1031 780 1087 cujus
800 1032 861 1073 rei
892 1031 1183 1073 testimonium
1204 1031 1303 1072 huic
1332 1031 1516 1086 presenti
1537 1036 1649 1073 carte
1671 1034 1812 1073 nostre
1833 1031 1974 1088 sigilla
1995 1036 2138 1074 nostra

195 1123 478 1179 apposuimus.
559 1122 662 1164 Hiis
714 1121 893 1164 testibus
935 1155 943 1163 .
995 1121 1024 1164 J
1027 1136 1214 1163 OHANNE
1267 1121 1436 1163 BASSET
1493 1156 1501 1164 .
1555 1121 1814 1165 WILLELMO
1869 1122 2092 1164 BAWDRIP
2128 1155 2137 1164 .

195 1213 415 1257 JOHANNE
437 1213 663 1255 FLEMYNG
692 1213 852 1255 seniore
884 1245 893 1254 .
926 1212 1133 1254 HOWELL
1156 1212 1313 1254 CARNE
1346 1245 1355 1254 .
1388 1212 1647 1256 WILLELMo
1677 1213 1848 1255 BASSET
1880 1246 1889 1254 .
1922 1216 1963 1255 et
1993 1213 2141 1256 multis

192 1305 298 1347 aliis.

249 1396 414 1439 Datum
454 1396 569 1451 apud
608 1394 875 1437 LANcoleN
916 1394 984 1436 die
1024 1394 1054 1437 J
1056 1394 1145 1436 ovis
1185 1394 1378 1449 proximo
1416 1398 1511 1458 post
1551 1394 1709 1437 festum
1750 1395 1895 1437 Sancti
1935 1395 2138 1438 D10N1su

191 1488 392 1542 martyris
423 1502 535 1529 anno
567 1487 690 1543 regni
724 1487 858 1543 Regis
891 1486 1096 1528 HENRICI
1129 1485 1238 1528 sexti
1272 1488 1367 1541 post
1400 1489 1676 1541 conquestum
1714 1488 1893 1528 ANGLIE
1929 1487 2138 1530 tricesimo

189 1579 338 1635 primo.

244 1669 382 1712 There
416 1685 486 1712 are
520 1672 604 1712 two
641 1669 787 1721 labels‚
821 1670 930 1711 from
963 1668 1102 1711 which
1137 1667 1210 1710 the
1246 1668 1352 1710 seals
1384 1667 1491 1710 have
1526 1667 1633 1711 been
1666 1667 1827 1711 broken
1861 1669 1933 1711 off.

245 1761 571 1813 Endorsement,
606 1761 651 1803 in
685 1776 710 1802 a
743 1759 971 1802 somewhat
1006 1760 1114 1801 later
1148 1759 1279 1809 hand,
1330 1763 1340 1781 ⁶
1357 1758 1601 1801 Manerium
1634 1759 1686 1801 de
1721 1758 1982 1811 Lancovian,
2033 1759 2137 1803 alias

186 1851 447 1907 Llanquian‚
485 1851 600 1893 infra
635 1851 872 1893 dominium
908 1851 960 1892 de
995 1848 1331 1892 Llanblethian.’

1029 2048 1295 2092 MGXCIII.

186 2159 388 2201 LEASE
429 2158 553 2201 FOR
592 2157 741 2200 LIFE
782 2157 869 2200 BY
909 2157 1186 2200 EDMUND
1227 2155 1630 2199 STRADELING
1671 2156 1747 2199 TO
1790 2156 1820 2199 J
1824 2156 1959 2199 OHN
1996 2157 2136 2200 HAY

559 2249 637 2292 OF
679 2248 809 2291 THE
852 2248 1017 2292 GRET
1059 2248 1245 2300 PARK,
1287 2247 1359 2290 IN
1400 2247 1618 2299 OOYTY,
1660 2247 1764 2289 Ero.

1027 2356 1101 2412 [e.
1133 2355 1185 2398 e.
1218 2355 1292 2412 R]

1256 2464 1310 2505 23
1353 2463 1453 2505 ocrn.
1527 2464 1579 2504 31
1623 2462 1748 2505 ΗΕΝ.
1790 2462 1872 2506 VI.
1952 2464 2075 2505 1452.

244 2574 390 2617 Sciant
420 2577 633 2629 presentes
653 2575 695 2614 et
722 2572 859 2615 futuri
890 2573 1002 2628 quod
1033 2587 1113 2628 ego
1145 2571 1404 2614 EDMUNDUS
1435 2570 1725 2612 STRADELING
1754 2570 1938 2626 armiger
1967 2572 2134 2613 tradedi

190 2666 283 2721 (sic)
305 2664 486 2707 concessi
507 2666 549 2706 et
569 2663 647 2705 hac
668 2664 853 2718 presenti
874 2667 989 2705 carta
1008 2677 1103 2704 mea
1133 2662 1378 2704 confirmavi
1407 2661 1436 2705 J
1439 2675 1615 2703 OHANNI
1647 2661 1756 2702 HAY
1778 2676 1914 2703 unum
1945 2661 2135 2703 clausum

186 2757 404 2812 integrum
433 2758 629 2797 vocatum
660 2755 700 2796 le
730 2753 856 2796 GRET
888 2754 1022 2796 PARK
1056 2769 1151 2796 cum
1183 2753 1319 2795 tribus
1348 2753 1469 2795 tostis
1500 2752 1636 2794 eidem
1667 2752 1807 2794 clauso
1838 2751 2134 2808 adjacentibus

182 2848 340 2891 vocatis
403 2846 641 2888 LLETERES
694 2845 916 2887 LYDEARD
967 2849 1009 2887 et
1067 2845 1274 2888 SPENCER
1326 2859 1422 2886 cum
1474 2842 1669 2885 omnibus
1724 2843 1810 2884 suis
1862 2843 2134 2898 pertinenciis

186 2939 302 2982 infra
336 2938 573 2980 dominium
608 2938 660 2979 de
695 2935 900 2979 KomFF
940 2937 986 2978 in
1023 2936 1217 2979 WALLIA
1253 2938 1303 2977 ut
1340 2935 1387 2976 in
1426 2934 1549 2976 terris
1581 2933 1712 2989 pratis
1749 2933 1914 2989 pascuis
1950 2933 2135 2988 pasturis

183 3029 318 3073 boscis
367 3027 579 3071 subboscis
611 3027 691 3070 viis
725 3027 885 3070 semitis
917 3028 1038 3083 aquis
1073 3027 1235 3083 stagnis
1271 3025 1454 3081 aquariis
1485 3024 1657 3066 vivariis
1687 3023 1869 3079 pissibus
1904 3024 1990 3079 (sie)
2025 3023 2133 3066 haiis
