2386 3645
1940 296 2049 337 1555

222 494 331 537 Cum
367 494 598 536 RmARDUs
634 493 904 536 MAUNCELL'
941 495 994 536 de
1026 494 1298 538 NICLASTON'
1335 497 1409 552 qui
1449 499 1501 540 (16
1536 499 1648 542 dicto
1689 501 1859 543 domino
1890 502 2030 544 tenuit
2063 503 2110 545 in

160 585 297 641 capite
317 584 474 642 die[m]
500 585 651 628 clausit
671 588 910 627 extremum
930 589 978 627 ut
1000 587 1236 642 accepimus
1256 587 1375 630 vobis
1395 590 1648 632 mandamus
1669 592 1783 646 quod
1811 593 1953 634 omnia
1972 596 2105 635 terras

161 679 204 718 et
223 678 469 718 tenementa
490 677 542 718 (16
564 675 718 731 quibus
739 675 853 718 idem
874 676 1106 719 RICARDUS
1126 677 1214 719 fuit
1233 678 1398 720 seisitus
1422 679 1467 720 in
1497 680 1707 723 dominico
1739 697 1813 723 suo
1834 687 1883 724 ut
1904 684 1956 725 de
1983 683 2107 726 feodo

161 767 208 809 in
229 766 404 809 ballivia
434 770 573 809 vestra
603 767 670 808 die
702 782 786 822 quo
817 766 923 809 obiit
953 767 1043 809 sine
1073 768 1280 810 dilacione
1311 769 1487 824 capiatis
1516 771 1562 812 in
1592 785 1769 814 manum
1790 776 1973 815 vestram
1994 778 2036 815 et
2057 789 2107 816 66

161 857 277 899 salvo
310 856 511 899 custodiri
543 857 710 898 faciatis
741 858 875 898 donec
900 858 1019 899 aliud
1044 859 1354 914 preceperimus
1373 864 1422 901 ut
1450 875 1525 915 per
1545 864 1854 903 sacramentum
1883 863 2109 918 proborum

162 950 205 990 et
234 948 442 1004 legalium
475 948 700 990 hominum
727 949 779 990 de
807 948 981 990 ballivia
1001 952 1140 991 vestra
1165 965 1239 1005 per
1261 965 1365 1005 quos
1384 951 1446 993 rei
1477 951 1632 993 veritas
1658 952 1811 994 melius
1842 953 1936 994 sciri
1955 955 2110 1008 poterit

162 1041 204 1081 et
234 1039 394 1094 inquiri
427 1038 657 1094 diligenter
689 1038 932 1094 inquiratur
964 1044 1174 1095 quantum
1201 1043 1312 1082 terre
1343 1041 1459 1083 idem
1489 1041 1718 1084 RICARDUS
1747 1043 1886 1085 tenuit
1917 1044 1968 1085 de
1999 1044 2111 1086 dicto

159 1130 332 1172 domino
362 1130 408 1171 in
439 1130 576 1185 capite
606 1133 696 1171 tam
726 1130 772 1171 in
802 1130 1013 1172 dominico
1044 1145 1173 1185 quam
1202 1131 1249 1172 in
1279 1132 1453 1173 servicio
1484 1136 1526 1174 et
1554 1136 1764 1187 quantum
1785 1134 1838 1175 de
1859 1134 1952 1176 aliis
1973 1139 2014 1176 et
2037 1150 2110 1190 per

159 1222 274 1276 quod
305 1221 528 1263 servicium
558 1221 602 1262 in
633 1220 808 1262 ballivia
834 1227 974 1263 vestra
1005 1222 1073 1263 die
1095 1237 1177 1277 quo
1210 1221 1316 1264 obiit
1336 1225 1376 1264 et
1409 1226 1619 1278 quantum
1639 1226 1749 1266 terre
1769 1224 1842 1266 ille
1863 1225 2007 1266 valent
2036 1240 2111 1280 per

162 1327 326 1354 annum
357 1312 403 1354 in
424 1312 620 1354 omnibus
650 1312 836 1354 exitibus
860 1316 903 1354 et
923 1327 1006 1368 quo
1029 1313 1097 1354 die
1118 1314 1232 1355 idem
1254 1313 1487 1355 chARDUs
1515 1314 1620 1356 obiit
1645 1318 1688 1356 et
1716 1315 1810 1370 quis
1836 1316 2111 1372 propinquior

158 1403 278 1445 heres
303 1403 397 1459 ejus
417 1403 472 1445 sit
492 1406 535 1444 et
562 1403 629 1458 cuj
636 1418 685 1445 us
705 1403 830 1445 etatis
851 1406 893 1445 et
919 1404 1240 1459 inquisitionem
1262 1405 1362 1446 inde
1378 1405 1577 1447 distincte
1593 1409 1635 1447 et
1651 1409 1795 1461 aperte
1815 1406 1973 1448 factam
1988 1407 2110 1449 nobis

158 1495 206 1537 in
227 1494 521 1537 cancellariam
541 1498 730 1536 nostram
751 1495 804 1536 (16
825 1494 1072 1537 SWEYNSEE
1095 1495 1172 1537 sub
1194 1496 1335 1551 sigillo
1356 1499 1495 1538 vestro
1516 1501 1558 1538 et
1579 1497 1732 1553 sigillis
1753 1512 1898 1539 eorum
1910 1513 1985 1553 per
2006 1513 2110 1553 quos

155 1585 271 1628 facta
290 1585 421 1627 fuerit
442 1586 532 1627 sine
553 1585 758 1627 dilatione
779 1585 961 1627 mittatis
982 1590 1023 1628 et
1045 1585 1124 1628 hoc
1147 1586 1285 1628 breve.

215 1676 382 1719 Datum
414 1677 530 1732 apud
560 1675 808 1718 SWEYNSEE
840 1683 957 1718 xxm·
980 1677 1049 1718 die
1082 1676 1274 1732 Augusti
1304 1693 1416 1720 anno
1446 1678 1569 1733 regni
1600 1678 1734 1733 Regis
1765 1678 1970 1721 HENRICI
1999 1679 2109 1722 sexti

156 1771 252 1824 post
272 1771 549 1824 conquestum
570 1768 696 1810 tertio
717 1768 893 1810 decimo.
962 1767 1070 1824 [A.D.
1097 1768 1246 1825 1435]

213 1859 444 1915 Inquisitio
485 1874 538 1901 ex
579 1859 712 1901 officio
754 1863 877 1915 capta
913 1861 1027 1915 apud
1068 1859 1316 1902 SWEYNSEE
1357 1875 1497 1902 coram
1539 1860 1740 1902 HOPKYN
1774 1876 1827 1916 ap
1863 1860 2019 1903 DAVID
2052 1876 2107 1917 ap

159 1951 361 1994 HOPKYN
404 1954 646 1993 coronatore
686 1951 1010 1993 ANGLISHERIE
1045 1951 1264 1994 GOWERIE
1301 1951 1369 1993 die
1404 1951 1530 1993 Lune
1562 1952 1714 2007 quinto
1750 1952 1819 1993 die
1849 1951 2109 2008 Septembris

153 2057 265 2084 anno
286 2042 410 2097 regni
433 2041 566 2098 Regis
586 2041 791 2084 HENRICI
814 2042 922 2084 sexti
943 2045 1038 2097 post
1058 2046 1335 2097 conquestum
1357 2046 1508 2097 quarto
1524 2042 1686 2085 decimo
1703 2042 1860 2084 virtute
1883 2042 2107 2098 cujusdam

155 2133 295 2177 brevis
322 2134 375 2175 (16
405 2137 415 2155 ‘
430 2134 544 2175 diem
580 2133 732 2175 clausit
764 2136 1002 2176 extremum
1021 2133 1030 2151 ’
1060 2133 1140 2176 sibi
1167 2134 1315 2175 directi
1344 2137 1386 2175 et
1413 2134 1512 2175 huic
1543 2134 1812 2189 inquisitioni
1839 2134 2003 2176 consuti
2033 2149 2108 2189 per

156 2230 467 2267 sacramentum
509 2223 664 2266 DAVID
695 2239 749 2280 ap
793 2224 982 2266 THOMAS
1013 2240 1067 2280 ap
1103 2224 1133 2267 J
1136 2239 1257 2266 EVAN
1289 2240 1342 2280 ap
1374 2224 1566 2276 Crunoe,
1599 2224 1710 2266 REsr
1742 2239 1795 2279 ap
1828 2224 2015 2267 &swam
2051 2239 2105 2280 ap

155 2315 338 2368 PHILIP,
363 2315 474 2357 RESI
495 2330 549 2370 ap
572 2315 759 2357 ermM
781 2330 834 2370 ap
856 2315 886 2358 J
889 2330 1010 2357 EVAN
1033 2331 1086 2370 ap
1109 2315 1334 2368 ΟΒΑΒΟΟΚ,
1358 2315 1562 2357 HENRICI
1583 2331 1636 2371 ap
1657 2315 1687 2357 J
1691 2330 1812 2357 EVAN
1834 2331 1888 2370 ap
1911 2315 2102 2367 Crunoe,

154 2406 418 2449 REGmALm
456 2405 630 2457 Gamo,
666 2405 898 2448 JOHANNIS
931 2406 1104 2448 HARRY
1137 2407 1189 2448 (16
1224 2405 1436 2457 ΗΗΒΤΟΝ,
1471 2406 1720 2450 WILLELMI
1753 2405 2007 2448 GRUFFUTH
2049 2407 2102 2448 de

147 2497 422 2548 LAMYMORE‚
446 2496 642 2539 RICARDI
674 2497 847 2549 BENET,
871 2497 1135 2539 HOCHEKYN
1163 2497 1366 2549 ΤΗΟΜΛΞ,
1389 2497 1582 2541 WlLLIM
1613 2497 1803 2539 THOMAS
1825 2498 1877 2539 (16
1898 2497 2098 2539 LEYSON-

147 2602 297 2640 ESTON,
329 2587 358 2630 J
361 2602 519 2629 ANKYN
560 2603 613 2643 ap
655 2587 845 2630 THOMAS
886 2603 940 2643 ap
981 2588 1010 2630 J
1013 2603 1186 2639 ANKYN,
1217 2588 1247 2630 J
1250 2602 1408 2630 ANKYN
1444 2603 1497 2643 ap
1529 2587 1718 2630 THOMAs
1749 2603 1802 2643 ap
1844 2587 1873 2630 J
1877 2602 1996 2629 EvAN
2038 2603 2092 2643 ap

145 2677 346 2730 ORADOK,
369 2683 411 2720 et
432 2677 633 2720 MoRGAN
655 2693 708 2733 ap
730 2678 885 2720 DAvm
907 2694 960 2734 ap
992 2678 1223 2721 HOPKYN’.
1286 2678 1374 2724 Qui
1394 2678 1528 2733 jurati
1549 2681 1592 2719 et
1612 2678 1776 2719 onerati
1797 2678 1944 2720 dicunt
1966 2692 2090 2732 super

151 2773 461 2812 sacramentum
477 2784 601 2811 suum
617 2770 731 2824 quod
748 2769 979 2812 RICARDUS
993 2769 1263 2812 MAUNCELL'
1273 2771 1324 2811 de
1338 2768 1607 2811 NICLASTON'
1625 2769 1709 2810 fuit
1726 2769 1891 2810 seisitus
1903 2773 1944 2810 et
1957 2768 2098 2810 tenuit

149 2860 202 2901 (16
232 2860 404 2902 domino
435 2858 656 2903 GOWERIE
686 2860 732 2901 in
764 2861 900 2915 capite
921 2860 990 2902 die
1011 2876 1094 2916 quo
1117 2860 1222 2902 obiit
1242 2860 1480 2902 manerium
1501 2861 1553 2902 de
1574 2859 1828 2901 NICLASTON
1849 2874 1945 2900 cum
1966 2859 2093 2914 perti-

146 2950 303 2992 nentiis
335 2951 382 2992 in
418 2951 628 2992 dominico
661 2966 736 2992 suo
768 2954 818 2992 ut
853 2951 906 2992 de
939 2951 1063 2993 feodo
1099 2966 1173 3006 per
1208 2951 1432 2993 servicium
1466 2950 1651 2992 militare
1684 2964 1732 2991 ac
1764 2950 1819 2990 ad
1850 2949 2093 2990 faciendum

151 3043 306 3083 sectam
335 3056 455 3083 suam
483 3042 538 3082 ad
564 3041 813 3083 comitatum
844 3042 896 3083 de
925 3041 1172 3084 SWEYNSEE
1194 3042 1246 3083 de
1266 3056 1409 3083 mense
1429 3041 1474 3082 in
1496 3054 1682 3091 mensem
1704 3054 1799 3081 cum
1821 3039 2096 3081 advocacione
