<?xml version="1.0" encoding="UTF-8"?>
<!DOCTYPE html PUBLIC "-//W3C//DTD XHTML 1.0 Transitional//EN"
    "http://www.w3.org/TR/xhtml1/DTD/xhtml1-transitional.dtd">
<html xmlns="http://www.w3.org/1999/xhtml" xml:lang="en" lang="en">
 <head>
  <title>
</title>
<meta http-equiv="Content-Type" content="text/html;charset=utf-8" />
  <meta name='ocr-system' content='tesseract 3.04.00' />
  <meta name='ocr-capabilities' content='ocr_page ocr_carea ocr_par ocr_line ocrx_word'/>
</head>
<body>
  <div class='ocr_page' id='page_1' title='image "./cartaeetaliamuni04claruoft_0483.png"; bbox 0 0 2386 3645; ppageno 0'>
   <div class='ocr_carea' id='block_1_1' title="bbox 1944 302 2052 344">
    <p class='ocr_par' dir='ltr' id='par_1_1' title="bbox 1944 302 2052 344">
     <span class='ocr_line' id='line_1_1' title="bbox 1944 302 2052 344; baseline -0.009 0"><span class='ocrx_word' id='word_1_1' title='bbox 1944 302 2052 344; x_wconf 83' lang='lat'>1561</span> 
     </span>
    </p>
   </div>
   <div class='ocr_carea' id='block_1_2' title="bbox 153 501 2114 1744">
    <p class='ocr_par' dir='ltr' id='par_1_2' title="bbox 153 501 2114 1183">
     <span class='ocr_line' id='line_1_2' title="bbox 161 501 2114 557; baseline 0.004 -13"><span class='ocrx_word' id='word_1_2' title='bbox 161 501 460 544; x_wconf 88' lang='lat' dir='ltr'>liberacionem</span> <span class='ocrx_word' id='word_1_3' title='bbox 476 505 519 544; x_wconf 90' lang='lat' dir='ltr'>et</span> <span class='ocrx_word' id='word_1_4' title='bbox 534 501 754 557; x_wconf 88' lang='lat' dir='ltr'>pacificam</span> <span class='ocrx_word' id='word_1_5' title='bbox 768 501 1073 557; x_wconf 86' lang='lat' dir='ltr'>possessionem</span> <span class='ocrx_word' id='word_1_6' title='bbox 1089 503 1141 544; x_wconf 91' lang='grc'><strong>(15</strong></span> <span class='ocrx_word' id='word_1_7' title='bbox 1158 503 1355 545; x_wconf 89' lang='lat' dir='ltr'>omnibus</span> <span class='ocrx_word' id='word_1_8' title='bbox 1377 504 1502 546; x_wconf 83' lang='lat' dir='ltr'>terris</span> <span class='ocrx_word' id='word_1_9' title='bbox 1522 509 1563 546; x_wconf 88' lang='lat' dir='ltr'>et</span> <span class='ocrx_word' id='word_1_10' title='bbox 1586 507 1839 549; x_wconf 87' lang='lat' dir='ltr'>tenementis</span> <span class='ocrx_word' id='word_1_11' title='bbox 1858 509 2114 552; x_wconf 81' lang='lat' dir='ltr'>molendinis</span> 
     </span>
     <span class='ocr_line' id='line_1_3' title="bbox 157 591 2112 649; baseline 0.004 -15"><span class='ocrx_word' id='word_1_12' title='bbox 157 593 278 648; x_wconf 87' lang='lat' dir='ltr'>aquis</span> <span class='ocrx_word' id='word_1_13' title='bbox 298 593 432 649; x_wconf 90' lang='lat' dir='ltr'>pratis</span> <span class='ocrx_word' id='word_1_14' title='bbox 451 592 636 649; x_wconf 86' lang='lat' dir='ltr'>pasturis</span> <span class='ocrx_word' id='word_1_15' title='bbox 656 591 900 634; x_wconf 87' lang='lat' dir='ltr'>nemoribus</span> <span class='ocrx_word' id='word_1_16' title='bbox 920 592 1158 635; x_wconf 82' lang='lat' dir='ltr'>redditibus</span> <span class='ocrx_word' id='word_1_17' title='bbox 1178 594 1488 637; x_wconf 83' lang='lat' dir='ltr'>reversionibus</span> <span class='ocrx_word' id='word_1_18' title='bbox 1509 598 1551 637; x_wconf 87' lang='lat' dir='ltr'>et</span> <span class='ocrx_word' id='word_1_19' title='bbox 1571 597 1757 639; x_wconf 89' lang='lat' dir='ltr'>serviciis</span> <span class='ocrx_word' id='word_1_20' title='bbox 1788 614 1883 641; x_wconf 91' lang='lat' dir='ltr'>cum</span> <span class='ocrx_word' id='word_1_21' title='bbox 1916 600 2112 643; x_wconf 90' lang='lat' dir='ltr'>omnibus</span> 
     </span>
     <span class='ocr_line' id='line_1_4' title="bbox 159 683 2112 744; baseline 0.003 -18"><span class='ocrx_word' id='word_1_22' title='bbox 159 684 434 739; x_wconf 76' lang='lat' dir='ltr'>pertinenciis</span> <span class='ocrx_word' id='word_1_23' title='bbox 468 684 554 726; x_wconf 90' lang='lat' dir='ltr'>suis</span> <span class='ocrx_word' id='word_1_24' title='bbox 587 684 820 726; x_wconf 87' lang='lat' dir='ltr'>secundum</span> <span class='ocrx_word' id='word_1_25' title='bbox 854 683 941 725; x_wconf 86' lang='lat' dir='ltr'>vim</span> <span class='ocrx_word' id='word_1_26' title='bbox 968 683 1148 725; x_wconf 86' lang='lat' dir='ltr'>formam</span> <span class='ocrx_word' id='word_1_27' title='bbox 1185 688 1227 726; x_wconf 87' lang='lat' dir='ltr'>et</span> <span class='ocrx_word' id='word_1_28' title='bbox 1263 684 1462 727; x_wconf 80' lang='lat' dir='ltr'>effectum</span> <span class='ocrx_word' id='word_1_29' title='bbox 1492 686 1730 729; x_wconf 86' lang='lat' dir='ltr'>litterarum</span> <span class='ocrx_word' id='word_1_30' title='bbox 1762 689 1976 744; x_wconf 85' lang='lat' dir='ltr'>regiarum</span> <span class='ocrx_word' id='word_1_31' title='bbox 2011 690 2112 732; x_wconf 88' lang='lat' dir='ltr'>inde</span> 
     </span>
     <span class='ocr_line' id='line_1_5' title="bbox 153 774 2109 822; baseline 0.003 -6"><span class='ocrx_word' id='word_1_32' title='bbox 153 775 278 817; x_wconf 85' lang='lat' dir='ltr'>dictis</span> <span class='ocrx_word' id='word_1_33' title='bbox 298 774 444 817; x_wconf 86' lang='lat' dir='ltr'>abbati</span> <span class='ocrx_word' id='word_1_34' title='bbox 460 777 503 816; x_wconf 87' lang='lat' dir='ltr'>et</span> <span class='ocrx_word' id='word_1_35' title='bbox 523 774 755 816; x_wconf 86' lang='lat' dir='ltr'>conventui</span> <span class='ocrx_word' id='word_1_36' title='bbox 776 776 819 816; x_wconf 91' lang='lat' dir='ltr'>et</span> <span class='ocrx_word' id='word_1_37' title='bbox 840 789 987 816; x_wconf 89' lang='lat' dir='ltr'>eorum</span> <span class='ocrx_word' id='word_1_38' title='bbox 1003 774 1305 817; x_wconf 85' lang='lat' dir='ltr'>successoribus</span> <span class='ocrx_word' id='word_1_39' title='bbox 1327 776 1492 818; x_wconf 82' lang='lat' dir='ltr'>noviter</span> <span class='ocrx_word' id='word_1_40' title='bbox 1508 791 1798 820; x_wconf 86' lang='lat' dir='ltr'>concessarum</span> <span class='ocrx_word' id='word_1_41' title='bbox 1815 782 1857 820; x_wconf 90' lang='lat' dir='ltr'>et</span> <span class='ocrx_word' id='word_1_42' title='bbox 1878 780 2109 822; x_wconf 84' lang='lat' dir='ltr'>secundum</span> 
     </span>
     <span class='ocr_line' id='line_1_6' title="bbox 155 865 2112 925; baseline 0.002 -17"><span class='ocrx_word' id='word_1_43' title='bbox 155 871 347 909; x_wconf 83' lang='lat' dir='ltr'>tenorem</span> <span class='ocrx_word' id='word_1_44' title='bbox 378 869 421 908; x_wconf 87' lang='lat' dir='ltr'>et</span> <span class='ocrx_word' id='word_1_45' title='bbox 456 866 710 908; x_wconf 85' lang='lat' dir='ltr'>mandatum</span> <span class='ocrx_word' id='word_1_46' title='bbox 741 865 881 907; x_wconf 87' lang='lat' dir='ltr'>brevis</span> <span class='ocrx_word' id='word_1_47' title='bbox 913 865 1022 921; x_wconf 87' lang='lat' dir='ltr'>regii</span> <span class='ocrx_word' id='word_1_48' title='bbox 1055 865 1177 908; x_wconf 89' lang='lat' dir='ltr'>nobis</span> <span class='ocrx_word' id='word_1_49' title='bbox 1209 867 1430 921; x_wconf 87' lang='lat' dir='ltr'>nuperime</span> <span class='ocrx_word' id='word_1_50' title='bbox 1464 867 1612 909; x_wconf 80' lang='lat' dir='ltr'>directi</span> <span class='ocrx_word' id='word_1_51' title='bbox 1648 868 1738 910; x_wconf 88' lang='lat' dir='ltr'>fieri</span> <span class='ocrx_word' id='word_1_52' title='bbox 1773 868 1950 911; x_wconf 77' lang='lat' dir='ltr'>fecimus</span> <span class='ocrx_word' id='word_1_53' title='bbox 1985 874 2112 925; x_wconf 87' lang='lat' dir='ltr'>prout</span> 
     </span>
     <span class='ocr_line' id='line_1_7' title="bbox 154 954 2111 1014; baseline 0.001 -14"><span class='ocrx_word' id='word_1_54' title='bbox 154 960 351 1000; x_wconf 84' lang='lat' dir='ltr'>tenemur</span> <span class='ocrx_word' id='word_1_55' title='bbox 370 957 416 998; x_wconf 89' lang='lat' dir='ltr'>in</span> <span class='ocrx_word' id='word_1_56' title='bbox 438 956 605 999; x_wconf 81' lang='lat' dir='ltr'>effectu.</span> <span class='ocrx_word' id='word_1_57' title='bbox 668 956 724 998; x_wconf 90' lang='lat' dir='ltr'>In</span> <span class='ocrx_word' id='word_1_58' title='bbox 750 956 873 1012; x_wconf 84' lang='lat' dir='ltr'>cujus</span> <span class='ocrx_word' id='word_1_59' title='bbox 903 956 965 998; x_wconf 90' lang='lat' dir='ltr'>rei</span> <span class='ocrx_word' id='word_1_60' title='bbox 995 957 1289 999; x_wconf 87' lang='lat' dir='ltr'>testimonium</span> <span class='ocrx_word' id='word_1_61' title='bbox 1318 958 1461 1013; x_wconf 87' lang='lat' dir='ltr'>sigilla</span> <span class='ocrx_word' id='word_1_62' title='bbox 1487 962 1632 1000; x_wconf 85' lang='lat' dir='ltr'>nostra</span> <span class='ocrx_word' id='word_1_63' title='bbox 1661 954 1946 1014; x_wconf 77' lang='lat' dir='ltr'>apposuimus.</span> <span class='ocrx_word' id='word_1_64' title='bbox 2009 960 2111 1003; x_wconf 89' lang='lat' dir='ltr'>Hiis</span> 
     </span>
     <span class='ocr_line' id='line_1_8' title="bbox 155 1046 2111 1106; baseline 0.002 -17"><span class='ocrx_word' id='word_1_65' title='bbox 155 1047 335 1090; x_wconf 88' lang='lat' dir='ltr'>testibus</span> <span class='ocrx_word' id='word_1_66' title='bbox 377 1081 385 1089; x_wconf 90' lang='lat'><strong>.</strong></span> <span class='ocrx_word' id='word_1_67' title='bbox 429 1047 585 1089; x_wconf 71' lang='lat' dir='ltr'>DAvm</span> <span class='ocrx_word' id='word_1_68' title='bbox 637 1046 842 1089; x_wconf 75' lang='lat' dir='ltr'>MATHEU</span> <span class='ocrx_word' id='word_1_69' title='bbox 896 1081 904 1089; x_wconf 87' lang='lat'><strong><em>.</em></strong></span> <span class='ocrx_word' id='word_1_70' title='bbox 959 1047 1217 1090; x_wconf 84' lang='lat' dir='ltr'><strong>WILLELMO</strong></span> <span class='ocrx_word' id='word_1_71' title='bbox 1268 1048 1551 1092; x_wconf 82' lang='lat' dir='ltr'><strong>STRADILING</strong></span> <span class='ocrx_word' id='word_1_72' title='bbox 1598 1050 1820 1106; x_wconf 75' lang='lat' dir='ltr'>armigeris</span> <span class='ocrx_word' id='word_1_73' title='bbox 1852 1084 1860 1092; x_wconf 91' lang='lat'><strong><em>.</em></strong></span> <span class='ocrx_word' id='word_1_74' title='bbox 1893 1050 2111 1093; x_wconf 61' lang='grc' dir='ltr'>ιῘΟΗΑΝΝΕ</span> 
     </span>
     <span class='ocr_line' id='line_1_9' title="bbox 156 1138 1870 1183; baseline 0.002 -3"><span class='ocrx_word' id='word_1_75' title='bbox 156 1139 385 1181; x_wconf 78' lang='lat' dir='ltr'>FLEMYNG</span> <span class='ocrx_word' id='word_1_76' title='bbox 409 1172 416 1180; x_wconf 95' lang='lat'>.</span> <span class='ocrx_word' id='word_1_77' title='bbox 451 1138 641 1180; x_wconf 82' lang='lat' dir='ltr'>THOMAs</span> <span class='ocrx_word' id='word_1_78' title='bbox 663 1139 908 1180; x_wconf 77' lang='lat' dir='ltr'><strong>BATTELER</strong></span> <span class='ocrx_word' id='word_1_79' title='bbox 940 1173 948 1180; x_wconf 94' lang='lat'>.</span> <span class='ocrx_word' id='word_1_80' title='bbox 982 1138 1204 1181; x_wconf 80' lang='lat' dir='ltr'><strong>JOHANNE</strong></span> <span class='ocrx_word' id='word_1_81' title='bbox 1227 1139 1507 1182; x_wconf 78' lang='lat' dir='ltr'>STRADILING</span> <span class='ocrx_word' id='word_1_82' title='bbox 1531 1144 1574 1182; x_wconf 89' lang='lat' dir='ltr'>et</span> <span class='ocrx_word' id='word_1_83' title='bbox 1594 1141 1742 1183; x_wconf 87' lang='lat' dir='ltr'>multis</span> <span class='ocrx_word' id='word_1_84' title='bbox 1763 1141 1870 1183; x_wconf 88' lang='lat' dir='ltr'>aliis.</span> 
     </span>
    </p>

    <p class='ocr_par' dir='ltr' id='par_1_3' title="bbox 156 1229 2110 1376">
     <span class='ocr_line' id='line_1_10' title="bbox 212 1229 2110 1288; baseline 0.002 -17"><span class='ocrx_word' id='word_1_85' title='bbox 212 1230 379 1272; x_wconf 86' lang='lat' dir='ltr'>Datum</span> <span class='ocrx_word' id='word_1_86' title='bbox 419 1244 574 1272; x_wconf 74' lang='lat' dir='ltr'>xxnrs.</span> <span class='ocrx_word' id='word_1_87' title='bbox 617 1230 686 1271; x_wconf 79' lang='lat' dir='ltr'>die</span> <span class='ocrx_word' id='word_1_88' title='bbox 727 1230 884 1272; x_wconf 85' lang='lat' dir='ltr'>mensis</span> <span class='ocrx_word' id='word_1_89' title='bbox 924 1229 1033 1272; x_wconf 88' lang='lat' dir='ltr'>Maii</span> <span class='ocrx_word' id='word_1_90' title='bbox 1074 1245 1186 1272; x_wconf 83' lang='lat' dir='ltr'>anno</span> <span class='ocrx_word' id='word_1_91' title='bbox 1226 1231 1349 1287; x_wconf 89' lang='lat' dir='ltr'>regni</span> <span class='ocrx_word' id='word_1_92' title='bbox 1402 1231 1535 1286; x_wconf 83' lang='lat' dir='ltr'>Regis</span> <span class='ocrx_word' id='word_1_93' title='bbox 1590 1231 1795 1274; x_wconf 84' lang='lat' dir='ltr'>HENRICI</span> <span class='ocrx_word' id='word_1_94' title='bbox 1852 1232 1960 1274; x_wconf 77' lang='lat' dir='ltr'>sexti</span> <span class='ocrx_word' id='word_1_95' title='bbox 2015 1236 2110 1288; x_wconf 88' lang='lat' dir='ltr'>post</span> 
     </span>
     <span class='ocr_line' id='line_1_11' title="bbox 156 1321 817 1376; baseline 0 -14"><span class='ocrx_word' id='word_1_96' title='bbox 156 1324 434 1376; x_wconf 85' lang='lat' dir='ltr'>conquestum</span> <span class='ocrx_word' id='word_1_97' title='bbox 464 1321 627 1363; x_wconf 89' lang='lat' dir='ltr'>decimo</span> <span class='ocrx_word' id='word_1_98' title='bbox 658 1325 817 1363; x_wconf 88' lang='lat' dir='ltr'>octavo.</span> 
     </span>
    </p>

    <p class='ocr_par' dir='ltr' id='par_1_4' title="bbox 213 1411 1800 1465">
     <span class='ocr_line' id='line_1_12' title="bbox 213 1411 1800 1465; baseline 0.001 -12"><span class='ocrx_word' id='word_1_99' title='bbox 213 1411 351 1454; x_wconf 84' lang='lat' dir='ltr'>Three</span> <span class='ocrx_word' id='word_1_100' title='bbox 381 1412 501 1463; x_wconf 80' lang='lat' dir='ltr'>sea1s‚</span> <span class='ocrx_word' id='word_1_101' title='bbox 534 1411 579 1454; x_wconf 79' lang='lat' dir='ltr'>of</span> <span class='ocrx_word' id='word_1_102' title='bbox 608 1411 748 1454; x_wconf 86' lang='lat' dir='ltr'>which</span> <span class='ocrx_word' id='word_1_103' title='bbox 778 1411 851 1454; x_wconf 90' lang='lat' dir='ltr'>the</span> <span class='ocrx_word' id='word_1_104' title='bbox 882 1413 973 1454; x_wconf 82' lang='lat' dir='ltr'>first</span> <span class='ocrx_word' id='word_1_105' title='bbox 1004 1413 1090 1454; x_wconf 85' lang='lat' dir='ltr'>and</span> <span class='ocrx_word' id='word_1_106' title='bbox 1120 1413 1273 1455; x_wconf 88' lang='lat' dir='ltr'>second</span> <span class='ocrx_word' id='word_1_107' title='bbox 1303 1413 1480 1465; x_wconf 85' lang='lat' dir='ltr'>remain,</span> <span class='ocrx_word' id='word_1_108' title='bbox 1512 1413 1557 1455; x_wconf 90' lang='lat' dir='ltr'>in</span> <span class='ocrx_word' id='word_1_109' title='bbox 1587 1415 1663 1455; x_wconf 85' lang='lat' dir='ltr'>red</span> <span class='ocrx_word' id='word_1_110' title='bbox 1693 1429 1800 1456; x_wconf 88' lang='lat' dir='ltr'>wax.</span> 
     </span>
    </p>

    <p class='ocr_par' dir='ltr' id='par_1_5' title="bbox 213 1503 1704 1560">
     <span class='ocr_line' id='line_1_13' title="bbox 213 1503 1704 1560; baseline 0.002 -16"><span class='ocrx_word' id='word_1_111' title='bbox 213 1504 250 1545; x_wconf 92' lang='grc'>1.</span> <span class='ocrx_word' id='word_1_112' title='bbox 313 1504 356 1545; x_wconf 89' lang='lat' dir='ltr'>A</span> <span class='ocrx_word' id='word_1_113' title='bbox 377 1503 501 1545; x_wconf 86' lang='lat' dir='ltr'>small</span> <span class='ocrx_word' id='word_1_114' title='bbox 521 1504 642 1559; x_wconf 90' lang='lat' dir='ltr'>lump</span> <span class='ocrx_word' id='word_1_115' title='bbox 663 1504 763 1555; x_wconf 84' lang='lat' dir='ltr'>scal,</span> <span class='ocrx_word' id='word_1_116' title='bbox 786 1503 917 1546; x_wconf 85' lang='lat' dir='ltr'>about</span> <span class='ocrx_word' id='word_1_117' title='bbox 940 1504 1024 1558; x_wconf 55' lang='lat' dir='ltr'>{in</span> <span class='ocrx_word' id='word_1_118' title='bbox 1048 1504 1176 1546; x_wconf 88' lang='lat' dir='ltr'>diam.</span> <span class='ocrx_word' id='word_1_119' title='bbox 1240 1504 1411 1556; x_wconf 84' lang='lat' dir='ltr'>Device‚</span> <span class='ocrx_word' id='word_1_120' title='bbox 1435 1520 1489 1546; x_wconf 90' lang='lat' dir='ltr'>an</span> <span class='ocrx_word' id='word_1_121' title='bbox 1511 1505 1704 1560; x_wconf 88' lang='lat' dir='ltr'>escallop.</span> 
     </span>
    </p>

    <p class='ocr_par' dir='ltr' id='par_1_6' title="bbox 155 1594 2110 1744">
     <span class='ocr_line' id='line_1_14' title="bbox 211 1594 2109 1653; baseline 0.001 -16"><span class='ocrx_word' id='word_1_122' title='bbox 211 1596 250 1637; x_wconf 82' lang='lat'>2.</span> <span class='ocrx_word' id='word_1_123' title='bbox 314 1594 552 1650; x_wconf 86' lang='lat' dir='ltr'>Octagonal</span> <span class='ocrx_word' id='word_1_124' title='bbox 585 1595 739 1651; x_wconf 85' lang='lat' dir='ltr'>signet,</span> <span class='ocrx_word' id='word_1_125' title='bbox 772 1595 858 1650; x_wconf 51' lang='lat' dir='ltr'>gin.</span> <span class='ocrx_word' id='word_1_126' title='bbox 892 1594 951 1650; x_wconf 85' lang='lat' dir='ltr'>by</span> <span class='ocrx_word' id='word_1_127' title='bbox 981 1595 1070 1650; x_wconf 56' lang='lat' dir='ltr'>{in</span> <span class='ocrx_word' id='word_1_128' title='bbox 1132 1595 1303 1647; x_wconf 88' lang='lat' dir='ltr'>Device,</span> <span class='ocrx_word' id='word_1_129' title='bbox 1335 1611 1361 1638; x_wconf 87' lang='lat' dir='ltr'>a</span> <span class='ocrx_word' id='word_1_130' title='bbox 1391 1596 1499 1647; x_wconf 83' lang='lat' dir='ltr'>bird,</span> <span class='ocrx_word' id='word_1_131' title='bbox 1531 1595 1739 1652; x_wconf 83' lang='lat' dir='ltr'>probably</span> <span class='ocrx_word' id='word_1_132' title='bbox 1773 1611 1828 1638; x_wconf 88' lang='lat' dir='ltr'>an</span> <span class='ocrx_word' id='word_1_133' title='bbox 1856 1597 2109 1653; x_wconf 87' lang='lat' dir='ltr'>eagle—the</span> 
     </span>
     <span class='ocr_line' id='line_1_15' title="bbox 155 1686 2110 1744; baseline 0.002 -16"><span class='ocrx_word' id='word_1_134' title='bbox 155 1686 308 1741; x_wconf 80' lang='lat' dir='ltr'>family</span> <span class='ocrx_word' id='word_1_135' title='bbox 331 1686 645 1742; x_wconf 83' lang='lat' dir='ltr'>orest—rising,</span> <span class='ocrx_word' id='word_1_136' title='bbox 668 1687 807 1742; x_wconf 88' lang='lat' dir='ltr'>wings</span> <span class='ocrx_word' id='word_1_137' title='bbox 829 1687 1065 1742; x_wconf 84' lang='lat' dir='ltr'>displayed.</span> <span class='ocrx_word' id='word_1_138' title='bbox 1129 1686 1185 1729; x_wconf 90' lang='lat' dir='ltr'>In</span> <span class='ocrx_word' id='word_1_139' title='bbox 1220 1687 1292 1729; x_wconf 89' lang='lat' dir='ltr'>the</span> <span class='ocrx_word' id='word_1_140' title='bbox 1327 1688 1440 1739; x_wconf 88' lang='lat' dir='ltr'>field,</span> <span class='ocrx_word' id='word_1_141' title='bbox 1476 1688 1522 1729; x_wconf 90' lang='lat' dir='ltr'>in</span> <span class='ocrx_word' id='word_1_142' title='bbox 1558 1687 1631 1729; x_wconf 82' lang='lat' dir='ltr'>the</span> <span class='ocrx_word' id='word_1_143' title='bbox 1663 1703 1798 1743; x_wconf 89' lang='lat' dir='ltr'>upper</span> <span class='ocrx_word' id='word_1_144' title='bbox 1830 1691 1926 1744; x_wconf 89' lang='lat' dir='ltr'>part</span> <span class='ocrx_word' id='word_1_145' title='bbox 1959 1689 2005 1731; x_wconf 89' lang='lat' dir='ltr'>of</span> <span class='ocrx_word' id='word_1_146' title='bbox 2036 1689 2110 1732; x_wconf 88' lang='lat' dir='ltr'>the</span> 
     </span>
    </p>
   </div>
   <div class='ocr_carea' id='block_1_3' title="bbox 152 1769 1050 1830">
    <p class='ocr_par' dir='ltr' id='par_1_7' title="bbox 152 1769 1050 1830">
     <span class='ocr_line' id='line_1_16' title="bbox 152 1769 1050 1830; baseline 0.001 -11"><span class='ocrx_word' id='word_1_147' title='bbox 152 1769 252 1830; x_wconf 86' lang='lat' dir='ltr'>seal,</span> <span class='ocrx_word' id='word_1_148' title='bbox 274 1777 347 1819; x_wconf 88' lang='lat' dir='ltr'>the</span> <span class='ocrx_word' id='word_1_149' title='bbox 369 1777 548 1820; x_wconf 88' lang='lat' dir='ltr'>owner’s</span> <span class='ocrx_word' id='word_1_150' title='bbox 568 1793 707 1830; x_wconf 90' lang='lat' dir='ltr'>name,</span> <span class='ocrx_word' id='word_1_151' title='bbox 729 1777 1050 1820; x_wconf 80' lang='lat' dir='ltr'>TORBORUYLL&#39;.</span> 
     </span>
    </p>
   </div>
   <div class='ocr_carea' id='block_1_4' title="bbox 1012 1986 1252 2030">
    <p class='ocr_par' dir='ltr' id='par_1_8' title="bbox 1012 1986 1252 2030">
     <span class='ocr_line' id='line_1_17' title="bbox 1012 1986 1252 2030; baseline -0.004 -1"><span class='ocrx_word' id='word_1_152' title='bbox 1012 1986 1252 2030; x_wconf 83' lang='lat' dir='ltr'><strong>MOLVH.</strong></span> 
     </span>
    </p>
   </div>
   <div class='ocr_carea' id='block_1_5' title="bbox 148 2095 2100 2322">
    <p class='ocr_par' dir='ltr' id='par_1_9' title="bbox 148 2095 2100 2322">
     <span class='ocr_line' id='line_1_18' title="bbox 148 2095 2100 2148; baseline 0.001 -10"><span class='ocrx_word' id='word_1_153' title='bbox 148 2095 598 2142; x_wconf 68' lang='lat' dir='ltr'><strong>AOQUITTANOE</strong></span> <span class='ocrx_word' id='word_1_154' title='bbox 640 2095 728 2138; x_wconf 85' lang='lat' dir='ltr'>BY</span> <span class='ocrx_word' id='word_1_155' title='bbox 763 2095 1071 2148; x_wconf 85' lang='lat' dir='ltr'>WILLIAM,</span> <span class='ocrx_word' id='word_1_156' title='bbox 1117 2095 1324 2138; x_wconf 81' lang='lat' dir='ltr'>ABBOT</span> <span class='ocrx_word' id='word_1_157' title='bbox 1378 2095 1456 2138; x_wconf 86' lang='lat' dir='ltr'>OF</span> <span class='ocrx_word' id='word_1_158' title='bbox 1508 2095 1966 2148; x_wconf 81' lang='lat' dir='ltr'>TEWKESBURY,</span> <span class='ocrx_word' id='word_1_159' title='bbox 2023 2096 2100 2139; x_wconf 88' lang='grc' dir='ltr'>ΤΟ</span> 
     </span>
     <span class='ocr_line' id='line_1_19' title="bbox 295 2187 2098 2239; baseline 0 -9"><span class='ocrx_word' id='word_1_160' title='bbox 295 2187 575 2230; x_wconf 78' lang='lat' dir='ltr'>MARGAM</span> <span class='ocrx_word' id='word_1_161' title='bbox 629 2187 859 2239; x_wconf 84' lang='lat' dir='ltr'>ABBEY,</span> <span class='ocrx_word' id='word_1_162' title='bbox 917 2187 1041 2230; x_wconf 79' lang='lat' dir='ltr'>FOR</span> <span class='ocrx_word' id='word_1_163' title='bbox 1094 2188 1138 2230; x_wconf 90' lang='lat' dir='ltr'>A</span> <span class='ocrx_word' id='word_1_164' title='bbox 1186 2187 1366 2230; x_wconf 77' lang='lat' dir='ltr'><strong>FARM</strong></span> <span class='ocrx_word' id='word_1_165' title='bbox 1416 2187 1588 2230; x_wconf 79' lang='lat' dir='ltr'>RENT</span> <span class='ocrx_word' id='word_1_166' title='bbox 1628 2187 1762 2230; x_wconf 81' lang='lat' dir='ltr'>DUE</span> <span class='ocrx_word' id='word_1_167' title='bbox 1803 2187 1928 2230; x_wconf 80' lang='lat' dir='ltr'>FOR</span> <span class='ocrx_word' id='word_1_168' title='bbox 1967 2187 2098 2230; x_wconf 81' lang='lat' dir='ltr'>THE</span> 
     </span>
     <span class='ocr_line' id='line_1_20' title="bbox 296 2278 1727 2322; baseline 0 -1"><span class='ocrx_word' id='word_1_169' title='bbox 296 2278 637 2321; x_wconf 80' lang='lat' dir='ltr'><strong>OHUROHES</strong></span> <span class='ocrx_word' id='word_1_170' title='bbox 680 2278 758 2321; x_wconf 85' lang='lat' dir='ltr'>OF</span> <span class='ocrx_word' id='word_1_171' title='bbox 800 2278 1108 2321; x_wconf 84' lang='lat' dir='ltr'><strong>KENEFEK</strong></span> <span class='ocrx_word' id='word_1_172' title='bbox 1148 2278 1282 2320; x_wconf 90' lang='lat' dir='ltr'>AND</span> <span class='ocrx_word' id='word_1_173' title='bbox 1327 2278 1727 2322; x_wconf 78' lang='lat' dir='ltr'><strong>NEWOASTLE.</strong></span> 
     </span>
    </p>
   </div>
   <div class='ocr_carea' id='block_1_6' title="bbox 869 2386 1393 2443">
    <p class='ocr_par' dir='ltr' id='par_1_10' title="bbox 869 2386 1393 2443">
     <span class='ocr_line' id='line_1_21' title="bbox 869 2386 1393 2443; baseline -0.002 -14"><span class='ocrx_word' id='word_1_174' title='bbox 869 2387 1099 2443; x_wconf 79' lang='lat' dir='ltr'>[MARGAM</span> <span class='ocrx_word' id='word_1_175' title='bbox 1137 2386 1393 2443; x_wconf 60' lang='grc' dir='ltr'><strong>ΟΗΑΒΤΕΒ]</strong></span> 
     </span>
    </p>
   </div>
   <div class='ocr_carea' id='block_1_7' title="bbox 1303 2494 2039 2537">
    <p class='ocr_par' dir='ltr' id='par_1_11' title="bbox 1303 2494 2039 2537">
     <span class='ocr_line' id='line_1_22' title="bbox 1303 2494 2039 2537; baseline -0.001 -1"><span class='ocrx_word' id='word_1_176' title='bbox 1303 2496 1327 2536; x_wconf 84' lang='grc'><strong>5</strong></span> <span class='ocrx_word' id='word_1_177' title='bbox 1360 2494 1461 2536; x_wconf 84' lang='grc' dir='ltr'>ΟοΤ.</span> <span class='ocrx_word' id='word_1_178' title='bbox 1528 2495 1578 2536; x_wconf 82' lang='lat'>19</span> <span class='ocrx_word' id='word_1_179' title='bbox 1611 2494 1737 2537; x_wconf 80' lang='grc' dir='ltr'><strong>ΗΕΝ.</strong></span> <span class='ocrx_word' id='word_1_180' title='bbox 1769 2494 1851 2537; x_wconf 88' lang='lat' dir='ltr'>VI.</span> <span class='ocrx_word' id='word_1_181' title='bbox 1916 2495 2039 2536; x_wconf 85' lang='lat'>1440.</span> 
     </span>
    </p>
   </div>
   <div class='ocr_carea' id='block_1_8' title="bbox 141 2601 2096 2931">
    <p class='ocr_par' dir='ltr' id='par_1_12' title="bbox 141 2601 2096 2931">
     <span class='ocr_line' id='line_1_23' title="bbox 201 2601 2096 2659; baseline -0.001 -13"><span class='ocrx_word' id='word_1_182' title='bbox 201 2603 415 2646; x_wconf 89' lang='lat' dir='ltr'>Noverint</span> <span class='ocrx_word' id='word_1_183' title='bbox 434 2603 623 2645; x_wconf 88' lang='lat' dir='ltr'>universi</span> <span class='ocrx_word' id='word_1_184' title='bbox 643 2618 719 2659; x_wconf 89' lang='lat' dir='ltr'>per</span> <span class='ocrx_word' id='word_1_185' title='bbox 739 2607 953 2658; x_wconf 74' lang='lat' dir='ltr'>presentes</span> <span class='ocrx_word' id='word_1_186' title='bbox 974 2618 1051 2645; x_wconf 88' lang='lat' dir='ltr'>nos</span> <span class='ocrx_word' id='word_1_187' title='bbox 1084 2602 1384 2646; x_wconf 81' lang='lat' dir='ltr'>WILLELMUM</span> <span class='ocrx_word' id='word_1_188' title='bbox 1417 2602 1689 2657; x_wconf 82' lang='lat' dir='ltr'>permissione</span> <span class='ocrx_word' id='word_1_189' title='bbox 1722 2602 1868 2644; x_wconf 88' lang='lat' dir='ltr'>divina</span> <span class='ocrx_word' id='word_1_190' title='bbox 1900 2601 2096 2644; x_wconf 88' lang='lat' dir='ltr'>abbatem</span> 
     </span>
     <span class='ocr_line' id='line_1_24' title="bbox 145 2692 2095 2749; baseline -0.001 -13"><span class='ocrx_word' id='word_1_191' title='bbox 145 2694 392 2737; x_wconf 87' lang='lat' dir='ltr'>monasterii</span> <span class='ocrx_word' id='word_1_192' title='bbox 413 2694 465 2736; x_wconf 84' lang='lat' dir='ltr'>B.</span> <span class='ocrx_word' id='word_1_193' title='bbox 484 2693 547 2736; x_wconf 86' lang='lat' dir='ltr'>M.</span> <span class='ocrx_word' id='word_1_194' title='bbox 563 2695 616 2736; x_wconf 84' lang='lat' dir='ltr'>de</span> <span class='ocrx_word' id='word_1_195' title='bbox 633 2694 942 2736; x_wconf 80' lang='lat' dir='ltr'><strong>TEUKESBURY</strong></span> <span class='ocrx_word' id='word_1_196' title='bbox 961 2693 1164 2749; x_wconf 87' lang='lat' dir='ltr'>recepisse</span> <span class='ocrx_word' id='word_1_197' title='bbox 1178 2697 1219 2735; x_wconf 85' lang='lat' dir='ltr'>et</span> <span class='ocrx_word' id='word_1_198' title='bbox 1233 2692 1428 2735; x_wconf 87' lang='lat' dir='ltr'>habuisse</span> <span class='ocrx_word' id='word_1_199' title='bbox 1444 2692 1513 2734; x_wconf 89' lang='lat' dir='ltr'>die</span> <span class='ocrx_word' id='word_1_200' title='bbox 1534 2692 1812 2735; x_wconf 81' lang='lat' dir='ltr'>confeccionis</span> <span class='ocrx_word' id='word_1_201' title='bbox 1832 2692 2095 2748; x_wconf 87' lang='lat' dir='ltr'>presencium</span> 
     </span>
     <span class='ocr_line' id='line_1_25' title="bbox 142 2782 2093 2841; baseline -0.002 -14"><span class='ocrx_word' id='word_1_202' title='bbox 142 2785 194 2827; x_wconf 90' lang='lat' dir='ltr'>de</span> <span class='ocrx_word' id='word_1_203' title='bbox 213 2785 422 2841; x_wconf 86' lang='lat' dir='ltr'>religiosis</span> <span class='ocrx_word' id='word_1_204' title='bbox 443 2784 544 2826; x_wconf 87' lang='lat' dir='ltr'>viris</span> <span class='ocrx_word' id='word_1_205' title='bbox 564 2784 717 2827; x_wconf 78' lang='lat' dir='ltr'>abbate</span> <span class='ocrx_word' id='word_1_206' title='bbox 738 2787 781 2826; x_wconf 91' lang='lat' dir='ltr'>et</span> <span class='ocrx_word' id='word_1_207' title='bbox 802 2787 1014 2826; x_wconf 87' lang='lat' dir='ltr'>conventu</span> <span class='ocrx_word' id='word_1_208' title='bbox 1035 2785 1087 2826; x_wconf 90' lang='grc'><strong>(15</strong></span> <span class='ocrx_word' id='word_1_209' title='bbox 1108 2783 1311 2825; x_wconf 79' lang='lat' dir='ltr'>MORGAN</span> <span class='ocrx_word' id='word_1_210' title='bbox 1333 2783 1531 2825; x_wconf 87' lang='lat' dir='ltr'>undecim</span> <span class='ocrx_word' id='word_1_211' title='bbox 1551 2782 1681 2824; x_wconf 90' lang='lat' dir='ltr'>libras</span> <span class='ocrx_word' id='word_1_212' title='bbox 1701 2786 1744 2824; x_wconf 92' lang='lat' dir='ltr'>et</span> <span class='ocrx_word' id='word_1_213' title='bbox 1764 2783 1908 2825; x_wconf 87' lang='lat' dir='ltr'>decem</span> <span class='ocrx_word' id='word_1_214' title='bbox 1938 2783 2093 2824; x_wconf 89' lang='lat' dir='ltr'>solidos</span> 
     </span>
     <span class='ocr_line' id='line_1_26' title="bbox 141 2873 2090 2931; baseline -0.002 -14"><span class='ocrx_word' id='word_1_215' title='bbox 141 2875 444 2931; x_wconf 84' lang='lat' dir='ltr'>sterlingorum</span> <span class='ocrx_word' id='word_1_216' title='bbox 476 2875 597 2917; x_wconf 89' lang='lat' dir='ltr'>nobis</span> <span class='ocrx_word' id='word_1_217' title='bbox 630 2874 684 2917; x_wconf 90' lang='lat' dir='ltr'>ab</span> <span class='ocrx_word' id='word_1_218' title='bbox 714 2875 872 2916; x_wconf 85' lang='lat' dir='ltr'>eisdem</span> <span class='ocrx_word' id='word_1_219' title='bbox 904 2878 947 2916; x_wconf 90' lang='lat' dir='ltr'>et</span> <span class='ocrx_word' id='word_1_220' title='bbox 977 2889 1124 2916; x_wconf 91' lang='lat' dir='ltr'>eorum</span> <span class='ocrx_word' id='word_1_221' title='bbox 1153 2873 1408 2916; x_wconf 88' lang='lat' dir='ltr'>monasterio</span> <span class='ocrx_word' id='word_1_222' title='bbox 1439 2873 1602 2915; x_wconf 86' lang='lat' dir='ltr'>debitos</span> <span class='ocrx_word' id='word_1_223' title='bbox 1633 2874 1684 2915; x_wconf 80' lang='lat' dir='ltr'>sle</span> <span class='ocrx_word' id='word_1_224' title='bbox 1724 2876 1928 2928; x_wconf 91' lang='lat' dir='ltr'>perpetua</span> <span class='ocrx_word' id='word_1_225' title='bbox 1968 2873 2090 2915; x_wconf 85' lang='lat' dir='ltr'>firma</span> 
     </span>
    </p>
   </div>
   <div class='ocr_carea' id='block_1_9' title="bbox 139 2962 2087 3008">
    <p class='ocr_par' dir='ltr' id='par_1_13' title="bbox 139 2962 2087 3008">
     <span class='ocr_line' id='line_1_27' title="bbox 139 2962 2087 3008; baseline -0.002 0"><span class='ocrx_word' id='word_1_226' title='bbox 139 2966 407 3008; x_wconf 87' lang='lat' dir='ltr'>ecclesiarum</span> <span class='ocrx_word' id='word_1_227' title='bbox 426 2969 669 3007; x_wconf 87' lang='lat' dir='ltr'>nostrarum</span> <span class='ocrx_word' id='word_1_228' title='bbox 689 2966 742 3006; x_wconf 88' lang='lat' dir='ltr'>de</span> <span class='ocrx_word' id='word_1_229' title='bbox 758 2964 990 3007; x_wconf 74' lang='lat' dir='ltr'><strong>KENEFEK</strong></span> <span class='ocrx_word' id='word_1_230' title='bbox 1004 2967 1045 3006; x_wconf 82' lang='lat' dir='ltr'>et</span> <span class='ocrx_word' id='word_1_231' title='bbox 1063 2963 1194 3006; x_wconf 91' lang='lat' dir='ltr'>Novo</span> <span class='ocrx_word' id='word_1_232' title='bbox 1207 2963 1378 3006; x_wconf 80' lang='lat' dir='ltr'><strong>CASTRO</strong></span> <span class='ocrx_word' id='word_1_233' title='bbox 1397 2964 1449 3005; x_wconf 88' lang='grc'><strong>(15</strong></span> <span class='ocrx_word' id='word_1_234' title='bbox 1469 2964 1652 3005; x_wconf 83' lang='lat' dir='ltr'>termino</span> <span class='ocrx_word' id='word_1_235' title='bbox 1669 2962 1815 3005; x_wconf 82' lang='lat' dir='ltr'>Sancti</span> <span class='ocrx_word' id='word_1_236' title='bbox 1828 2962 2087 3004; x_wconf 84' lang='lat' dir='ltr'>MICHAELIS</span> 
     </span>
    </p>
   </div>
   <div class='ocr_carea' id='block_1_10' title="bbox 141 3053 2089 3112">
    <p class='ocr_par' dir='ltr' id='par_1_14' title="bbox 141 3053 2089 3112">
     <span class='ocr_line' id='line_1_28' title="bbox 141 3053 2089 3112; baseline -0.002 -14"><span class='ocrx_word' id='word_1_237' title='bbox 141 3055 407 3112; x_wconf 78' lang='lat' dir='ltr'>Archangeli</span> <span class='ocrx_word' id='word_1_238' title='bbox 426 3056 579 3098; x_wconf 81' lang='lat' dir='ltr'>ultimo</span> <span class='ocrx_word' id='word_1_239' title='bbox 600 3055 802 3111; x_wconf 78' lang='lat' dir='ltr'>preterito</span> <span class='ocrx_word' id='word_1_240' title='bbox 823 3058 923 3097; x_wconf 90' lang='lat' dir='ltr'>ante</span> <span class='ocrx_word' id='word_1_241' title='bbox 944 3055 1094 3097; x_wconf 88' lang='lat' dir='ltr'>datum</span> <span class='ocrx_word' id='word_1_242' title='bbox 1115 3054 1391 3110; x_wconf 87' lang='lat' dir='ltr'>presencium.</span> <span class='ocrx_word' id='word_1_243' title='bbox 1452 3054 1520 3096; x_wconf 93' lang='lat' dir='ltr'>De</span> <span class='ocrx_word' id='word_1_244' title='bbox 1532 3053 1687 3108; x_wconf 86' lang='lat' dir='ltr'>quibus</span> <span class='ocrx_word' id='word_1_245' title='bbox 1703 3053 1876 3108; x_wconf 88' lang='lat' dir='ltr'>quidem</span> <span class='ocrx_word' id='word_1_246' title='bbox 1891 3053 2089 3095; x_wconf 90' lang='lat' dir='ltr'>undecim</span> 
     </span>
    </p>
   </div>
   <div class='ocr_carea' id='block_1_11' title="bbox 348 3195 420 3230">
    <p class='ocr_par' dir='ltr' id='par_1_15' title="bbox 348 3195 420 3230">
     <span class='ocr_line' id='line_1_29' title="bbox 348 3195 420 3230; baseline -0.014 0"><span class='ocrx_word' id='word_1_247' title='bbox 348 3195 420 3230; x_wconf 91' lang='lat' dir='ltr'>8v</span> 
     </span>
    </p>
   </div>
  </div>
 </body>
</html>
