2386 3645
314 298 423 339 1472

314 504 406 547 Nos
440 504 575 561 igitur
608 504 836 547 Nmomns
868 505 1037 547 auditor
1068 504 1258 560 prefatus
1293 506 1560 548 attendentes
1594 504 1911 561 requisitionem
1946 503 2195 559 hujusmodi

254 595 344 637 fore
375 595 536 650 justam
572 598 614 637 et
643 609 868 638 consonam
898 595 1053 637 rationi
1080 596 1351 651 volentesque
1380 596 1427 637 in
1457 611 1581 638 causa
1601 572 1643 637 et
1673 595 1807 636 causis
1836 594 2083 650 hujusmodi
2112 593 2194 635 rite

255 690 298 728 et
332 686 543 742 legittime
578 688 799 742 procedere
835 701 882 728 ac
914 685 1106 741 partibus
1138 686 1240 742 ipsis
1270 687 1399 729 dante
1429 687 1601 728 domino
1631 686 1843 742 justitiam
1875 685 2116 726 ministrare
2145 689 2196 727 ut

253 779 449 818 tenemur
479 810 488 819 .
522 776 686 818 Idcirco
725 791 799 818 vos
838 791 983 818 omnes
1032 779 1075 818 et
1114 776 1304 832 singulos
1344 777 1604 832 supradictos
1643 779 1684 818 et
1725 779 1912 818 vestrum
1963 774 2196 830 quemlibet

253 867 299 909 in
341 868 524 910 solidum
563 867 826 923 conjunctim
865 868 931 910 vel
972 867 1139 909 divisim
1183 868 1432 910 auctoritate
1464 868 1692 923 apostolica
1726 867 1847 909 nobis
1882 867 1928 908 in
1965 866 2044 908 hac
2076 869 2196 922 parte

253 959 473 1000 commissa
502 959 639 1013 primo
671 959 852 1000 secundo
872 958 997 1000 tertio
1017 962 1058 999 et
1089 958 1368 1014 peremptorie
1397 958 1650 1014 requirimus
1681 962 1723 1000 et
1753 973 1974 1000 monemus
1993 957 2196 1013 vobisque

254 1049 554 1091 nichilominus
584 1052 627 1090 et
646 1052 833 1090 vestrum
864 1047 1036 1090 cuilibet
1065 1047 1111 1089 in
1142 1048 1323 1090 solidum
1353 1049 1398 1090 in
1429 1048 1586 1090 virtute
1617 1051 1757 1090 sancte
1790 1048 2027 1090 obedientie
2055 1052 2096 1090 et
2117 1046 2195 1090 sub

255 1140 700 1182 excommunicationis
729 1153 839 1194 pena
869 1153 997 1194 quam
1027 1138 1072 1179 in
1103 1153 1176 1179 vos
1206 1141 1248 1180 et
1268 1142 1455 1180 vestrum
1477 1139 1708 1194 quemlibet
1729 1139 1928 1181 canoniea
1958 1138 2195 1180 monicione

252 1231 454 1286 premissa
493 1230 671 1272 fecimus
704 1230 750 1271 in
790 1230 872 1271 hiis
904 1229 1068 1284 seriptis
1101 1229 1182 1270 nisi
1218 1229 1400 1271 feceritis
1436 1231 1549 1284 quod
1585 1231 1838 1271 mandamus
1875 1231 2063 1272 districte
2103 1245 2196 1286 pre-

250 1322 444 1377 cipiendo
473 1322 725 1363 mandantes
757 1320 957 1375 quatinus
986 1320 1100 1361 infra
1130 1335 1203 1362 sex
1233 1319 1400 1361 dierum
1421 1320 1605 1375 spatium
1626 1323 1720 1375 post
1740 1320 2103 1375 presentacionem
2125 1335 2198 1362 seu

251 1414 584 1456 notificationem
605 1412 865 1468 presentium
885 1410 1002 1453 vobis
1023 1412 1089 1453 vel
1110 1411 1233 1453 alteri
1253 1414 1440 1453 vestrum
1470 1410 1628 1453 factam
1649 1411 1895 1453 immediate
1927 1411 2200 1466 sequentium

252 1518 433 1559 quorum
463 1518 534 1545 sex
565 1504 729 1544 dierum
760 1503 864 1543 duos
893 1516 969 1556 pro
999 1501 1136 1556 primo
1167 1502 1272 1543 duos
1302 1516 1377 1557 pro
1405 1502 1588 1543 secundo
1609 1504 1652 1543 et
1672 1501 1856 1557 reliquos
1877 1502 1982 1543 duos
2002 1501 2091 1543 dies
2120 1516 2196 1558 pro

249 1595 376 1636 tertio
412 1597 454 1636 et
488 1592 768 1649 peremptorie
802 1592 983 1634 termino
1018 1607 1065 1633 ac
1086 1592 1323 1634 monicione
1362 1593 1562 1634 canonica
1583 1592 1701 1634 vobis
1721 1593 1930 1634 universis
1951 1595 1995 1634 et
2020 1592 2203 1646 singulis

253 1686 518 1741 assignamus
552 1686 613 1726 ita
644 1688 788 1725 tamen
820 1684 933 1738 quod
965 1683 1009 1725 in
1044 1683 1126 1724 hiis
1159 1683 1417 1738 exequendis
1449 1683 1556 1725 alter
1586 1684 1767 1725 alterum
1798 1698 1884 1725 non
1907 1687 2102 1739 expectet
2124 1698 2202 1725 nec

253 1792 364 1818 unus
402 1790 478 1831 pro
519 1776 600 1817 alio
642 1790 683 1817 se
723 1778 892 1816 excuset
927 1774 1142 1829 prefatum
1176 1775 1454 1816 reverendum
1488 1776 1653 1830 patrem
1687 1774 1908 1816 dominum
1945 1773 1974 1816 J
1977 1788 2200 1816 oHANNEM

254 1868 496 1923 episcopum
538 1866 882 1908 LANDAVENSEM
917 1881 968 1908 ex
1008 1866 1183 1908 adverso
1223 1865 1501 1921 principalem
1538 1880 1766 1920 omnesque
1802 1864 1906 1906 alios
1943 1868 1984 1906 et
2021 1864 2202 1920 singulis

254 1973 431 2014 quorum
455 1958 630 1999 interest
651 1957 718 1998 vel
740 1957 813 2012 qui
834 1971 910 1999 sua
929 1957 1174 2012 putaverint
1194 1956 1393 1998 interesse
1414 1958 1503 1998 tam
1525 1956 1786 2011 conjunctim
1809 1971 1937 2011 quam
1965 1956 2134 1997 divisim
2155 1957 2202 1997 in

256 2050 443 2105 ipsorum
494 2048 673 2104 propriis
723 2048 911 2104 personis
961 2048 995 2089 si
1045 2048 1234 2103 ipsorum
1283 2047 1518 2103 presencias
1558 2048 1775 2089 commode
1815 2046 1969 2089 habere
2010 2047 2203 2102 poteritis

255 2140 444 2195 alioquin
480 2140 526 2181 in
560 2139 757 2195 hospiciis
789 2139 1105 2181 habitacionum
1138 2153 1310 2180 suarum
1342 2139 1377 2180 si
1407 2139 1461 2179 ad
1492 2153 1541 2179 ea
1560 2141 1680 2179 tutus
1709 2140 1852 2192 pateat
1874 2153 2058 2180 accessus
2079 2143 2121 2180 et
2154 2137 2200 2180 in

258 2230 491 2273 cathedrali
526 2229 823 2271 LANDAVENSI
859 2230 924 2271 sin
960 2232 1103 2271 autem
1135 2229 1181 2270 in
1217 2229 1330 2270 dicta
1359 2228 1591 2270 cathedrali
1624 2228 1923 2270 LANDAVENSI
1954 2228 2126 2270 ecclesia
2155 2243 2204 2271 ac

257 2322 351 2363 aliis
392 2321 573 2363 ecclesiis
614 2319 945 2376 parrochialibus
980 2319 1058 2361 sub
1095 2319 1247 2374 quibus
1282 2320 1446 2375 degunt
1482 2322 1523 2360 et
1563 2322 1786 2360 morantur
1824 2318 1940 2360 infra
1980 2319 2204 2360 missarum

258 2413 465 2455 sollennia
501 2413 604 2454 dum
640 2411 799 2454 ibidem
833 2411 980 2467 populi
1015 2411 1246 2453 multitudo
1279 2409 1521 2452 convenerit
1556 2411 1610 2451 ad
1644 2409 1790 2451 divina
1814 2409 1991 2465 aliisque
2023 2409 2205 2452 ecclesiis

258 2512 301 2546 et
322 2503 423 2545 locis
446 2502 626 2558 publicis
647 2502 966 2557 quibuscunque
988 2501 1061 2544 ubi
1082 2502 1251 2556 quando
1283 2504 1324 2542 et
1355 2500 1550 2556 quotiens
1578 2501 1807 2555 expediens
1837 2500 1968 2542 fuerit
2001 2501 2130 2542 semel
2161 2504 2204 2542 et

260 2594 417 2650 pluries
443 2594 570 2636 simul
590 2593 657 2635 vel
683 2593 909 2635 successive
936 2596 1160 2648 postquam
1189 2607 1264 2647 pro
1289 2594 1409 2648 parte
1433 2592 1641 2633 dictorum
1673 2591 1942 2633 dominorum
1972 2591 2002 2633 J
2004 2605 2204 2633 OHANNIS

262 2685 426 2727 abbatis
447 2687 490 2727 et
510 2687 740 2727 conventus
761 2684 864 2726 dicti
893 2684 1137 2726 monasterii
1162 2683 1284 2726 beate
1310 2683 1470 2725 MAmE
1498 2683 1797 2738 principalium
1824 2683 1991 2724 fueritis
2015 2682 2208 2738 requisiti

261 2791 335 2817 seu
357 2775 464 2817 alter
483 2778 671 2817 vestrum
691 2774 823 2816 fuerit
843 2775 1070 2829 requisitus
1090 2790 1142 2816 ex
1162 2776 1281 2829 parte
1301 2776 1446 2816 nostra
1465 2789 1610 2828 ymmo
1631 2774 1770 2815 verius
1790 2773 2019 2829 apostolica
2040 2773 2206 2828 publice

259 2868 348 2909 alta
398 2871 439 2909 et
492 2866 757 2922 intelligibili
806 2881 906 2908 voce
957 2865 1236 2921 peremptorie
1286 2865 1414 2907 citare
1454 2865 1617 2907 curetis.
1680 2864 1833 2919 Itaque
1875 2864 2102 2906 verisimile
2153 2864 2207 2905 sit

263 2959 508 3000 citationem
530 2956 776 3013 hujusmodi
793 2957 848 2998 ad
869 2971 1014 2998 eorum
1034 2956 1235 2999 noticiam
1254 2956 1473 3011 pervenire
1494 2970 1548 2997 ne
1568 2956 1620 2997 de
1640 2955 1853 3011 premissis
1874 2957 1915 2997 et
1936 2954 2207 3010 infrascripta

263 3049 455 3104 aliquam
475 3048 764 3104 ignorantiam
785 3049 1032 3104 pretendere
1053 3048 1222 3089 valeant
1244 3062 1317 3088 seu
1337 3047 1466 3088 etiam
1487 3046 1672 3101 allegare
1693 3061 1797 3101 quos
1817 3060 1893 3087 nos
1914 3045 2042 3087 etiam
2063 3048 2208 3087 tenore
