2386 3645
1881 303 1992 344 1203

191 506 384 560 patentes
402 503 514 559 regis
534 502 739 544 HENRICI
761 502 894 558 patris
912 502 1047 544 nostri
1067 506 1109 545 et
1130 506 1255 546 cartae
1277 503 1457 546 aliorum
1478 506 1670 548 omnium
1689 510 1778 548 tam
1794 508 2048 551 donatorum

188 608 318 649 quam
338 594 681 635 confirmatorum
701 593 770 635 vel
790 593 1060 635 venditorum
1081 608 1185 648 quas
1207 593 1307 636 inde
1321 594 1481 637 habent
1497 596 1807 639 rationabiliter
1822 602 2044 642 testantur.

190 683 334 730 Quare
365 683 561 725 volumus
593 688 635 726 et
667 683 846 725 firmiter
884 683 1140 739 precipimus
1175 685 1289 739 quod
1328 686 1508 739 predicti
1547 687 1744 729 monachi
1783 686 1969 729 habeant
2007 692 2051 732 et

188 777 364 817 teneant
394 773 537 816 omnia
556 773 761 829 praedicta
791 788 887 816 cum
908 773 1104 816 omnibus
1133 775 1402 830 pertinentiis
1422 776 1509 818 suis
1537 776 1851 833 imperpetuum
1871 777 1978 821 bene
2008 782 2052 821 et

189 866 234 907 in
263 880 365 921 pace
394 864 525 907 libere
555 868 597 907 et
627 865 768 920 quiete
798 865 966 921 integre
995 865 1186 921 plenarie
1211 869 1253 908 et
1282 866 1510 909 honorifice
1538 867 1584 909 in
1608 867 1731 910 bosco
1761 872 1803 911 et
1833 870 1974 925 plano,
2005 870 2052 913 in

187 957 321 1012 pratis
350 960 393 998 et
422 956 600 1011 pascuis,
631 956 677 997 in
707 956 828 1011 aquis
858 959 900 998 et
929 956 1199 1008 molendinis,
1231 957 1277 998 in
1307 957 1389 999 viis
1421 961 1463 1000 et
1499 959 1673 1010 semitis,
1702 959 1748 1001 in
1784 960 1972 1015 piscariis
2007 965 2050 1003 et

188 1047 389 1100 mariscis,
420 1047 537 1089 infra
567 1046 766 1102 Burgum
796 1050 839 1089 et
868 1050 990 1089 extra
1019 1051 1062 1089 et
1091 1047 1137 1089 in
1159 1047 1356 1090 omnibus
1377 1048 1473 1090 aliis
1502 1049 1604 1091 locis
1624 1054 1667 1092 et
1697 1050 1791 1093 aliis
1811 1050 1934 1093 rebus
1956 1066 2052 1094 cum

188 1154 283 1181 soca
303 1141 347 1181 et
366 1154 460 1181 saca
481 1143 523 1181 et-
544 1138 623 1181 Tol
644 1141 687 1180 et
703 1138 865 1181 Theam
887 1144 930 1180 et
951 1137 1267 1195 Infangenthef
1287 1143 1329 1181 et
1345 1155 1442 1182 cum
1458 1140 1654 1183 omnibus
1670 1141 1765 1184 aliis
1779 1141 2049 1185 libertatibus

189 1234 233 1272 et
261 1229 404 1272 liberis
435 1229 812 1272 consuetudinibus
841 1230 939 1272 suis.
1014 1230 1075 1272 Et
1106 1230 1193 1272 sint
1226 1231 1359 1286 quieti
1391 1231 1472 1286 ipsi
1513 1234 1555 1273 et
1587 1231 1778 1274 homines
1813 1247 1958 1275 eorum
1998 1235 2052 1275 de

186 1320 308 1376 Syris
329 1323 371 1362 et
390 1320 624 1362 hundredis
643 1323 687 1362 et
715 1319 882 1375 placitis
903 1323 946 1362 613
965 1320 1147 1375 querelis
1167 1324 1211 1362 et
1240 1321 1424 1363 murdris
1453 1325 1495 1363 et
1516 1321 1702 1378 hidagiis
1723 1326 1766 1365 et
1786 1323 1988 1379 scutagiis
2009 1326 2050 1366 et

188 1411 336 1455 Geldis
361 1416 403 1453 et
430 1411 694 1467 Danegeldis
726 1416 768 1454 et
796 1410 992 1453 omnibus
1019 1411 1192 1453 auxiliis
1222 1416 1264 1453 et
1297 1411 1574 1454 Cliuewardis
1604 1416 1645 1455 et
1675 1414 2052 1456 consuetudinibus

189 1503 242 1545 de
270 1502 412 1554 moris,
434 1505 477 1545 et
507 1502 623 1544 omni
654 1502 831 1544 seculari
861 1502 1033 1544 servicio
1063 1506 1104 1545 et
1135 1503 1354 1545 exactione
1384 1508 1592 1558 tanquam
1621 1504 1792 1559 propria
1823 1505 2053 1547 elemosina

187 1596 332 1635 nostra
352 1593 459 1635 sicut
480 1593 718 1649 predictum
739 1597 814 1635 est.
877 1593 1075 1636 Testibus
1097 1593 1294 1636 Dominis
1311 1593 1359 1636 P.
1382 1593 1582 1638 WINTON
1601 1628 1608 1636 .
1626 1600 1667 1636 et
1682 1594 1730 1637 T.
1748 1595 2022 1638 Nomvlcnxs
2041 1631 2049 1639 .

191 1684 410 1740 episcopia
432 1683 689 1728 WILLELMO
711 1685 862 1727 comite
883 1684 1141 1737 SARISBEm,
1163 1685 1218 1728 R.
1243 1685 1567 1728 Constabulario
1590 1686 1795 1738 CEs'rmE,
1819 1686 2053 1730 WALTERo

190 1776 244 1818 de
293 1775 453 1827 lascis,
505 1775 763 1818 Wmmsmo
824 1776 1065 1818 Bmwmzn’
1106 1776 1248 1819 ADAM
1288 1776 1358 1818 LE
1399 1777 1596 1830 Pomm,
1638 1777 1840 1820 HUGONE
1890 1778 2052 1831 Bmon,

189 1866 450 1910 WILLELMO
479 1867 532 1909 de
553 1867 828 1920 CANTILUPE‚
851 1867 1087 1910 GALFRIDO
1110 1869 1162 1909 de
1183 1868 1378 1910 NEUILL.

246 1958 411 2001 Datum
459 1974 535 2014 per
583 1974 760 2001 manum
822 1958 881 2001 H.
944 1960 996 2002 de
1047 1959 1205 2003 WELL.
1267 1959 1553 2002 archidiaconi
1612 1960 1885 2004 WELLENSIS
1938 1961 2053 2017 apud

186 2049 440 2093 BURBECHE
462 2065 522 2092 VI.
546 2051 614 2092 die
634 2050 664 2093 J
667 2050 833 2092 anuarii
853 2065 965 2092 anno
985 2051 1108 2106 regni
1130 2051 1263 2093 nostri
1285 2051 1362 2093 1x.'
1429 2051 1535 2108 [Am.
1562 2051 1711 2108 1208]

160 2140 433 2197 Inspeximus
473 2141 602 2183 etiam
642 2141 857 2197 quoddam
898 2141 1102 2197 scriptum
1141 2142 1414 2184 indentatum
1456 2143 1568 2184 inter
1609 2143 1786 2185 fratrem
1821 2145 1959 2185 ADAM
2001 2145 2055 2186 de

100 2231 427 2275 KAERMERDYN
459 2233 622 2274 dudum
644 2231 843 2274 abbatem
863 2233 916 2274 de
937 2232 1076 2274 NETH
1097 2237 1140 2274 et
1162 2232 1435 2275 GILBERTUM
1466 2234 1518 2275 de
1541 2233 1691 2275 CLARE
1722 2238 1825 2276 tunc
1856 2234 2054 2277 comitem

104 2322 422 2366 Grovcnsrrmffi,
443 2328 485 2366 et
506 2323 822 2365 HERTFORmAE
843 2324 895 2365 de
912 2324 1118 2366 escambio
1140 2325 1407 2379 quorundam
1429 2329 1637 2366 terrarum
1654 2329 1995 2367 tenementorum
2012 2329 2055 2368 et

103 2415 350 2457 reddituum
371 2415 533 2456 factum
552 2414 597 2456 in
619 2413 710 2456 haec
731 2413 859 2457 verba
877 2428 886 2455 :

246 2508 255 2526 ‘
270 2504 436 2547 Notum
458 2505 513 2546 sit
533 2504 730 2548 omnibus
750 2505 828 2548 hoo
849 2506 1053 2561 scriptum
1073 2506 1226 2548 visuris
1246 2506 1313 2548 vel
1343 2507 1554 2549 audituris
1579 2508 1693 2562 quod
1729 2507 1880 2549 Frater
1908 2506 2051 2549 Anffl

184 2597 237 2639 de
267 2596 591 2639 KAERMERDYN
624 2598 897 2653 permissione
921 2598 1068 2640 divina
1094 2598 1223 2641 abbas
1255 2599 1307 2640 de
1336 2597 1488 2650 ΝΕΤΗ,
1518 2614 1689 2641 assensu
1710 2600 1942 2641 eonventfis
1971 2599 2050 2652 sui,

185 2688 397 2740 concessit,
439 2688 571 2738 dedit,
613 2693 655 2731 et
695 2688 772 2731 hoc
812 2690 997 2745 presenti
1038 2690 1193 2745 scripto
1233 2689 1530 2746 cirographato
1571 2690 1836 2732 confirmavit
1876 2690 2048 2732 domino

186 2777 419 2820 GILBERTO
439 2780 492 2821 de
513 2779 680 2831 CLARE,
707 2780 850 2823 comiti
882 2779 1193 2822 GLOUCESTRIE
1224 2784 1267 2823 et
1300 2780 1702 2837 HERE[T]FORD1E‚
1736 2795 1882 2823 omnes
1916 2784 2050 2823 terras

185 2871 228 2911 et
246 2871 490 2912 tenementa
510 2885 585 2912 sua
611 2871 664 2913 de
693 2871 737 2913 la
768 2871 1016 2924 ΒΒΙΤΤΟΝΕ,
1048 2875 1091 2913 61
1121 2876 1287 2927 partem
1314 2875 1523 2914 terrarum
1548 2887 1721 2914 suarum
1750 2872 1804 2929 (16
1831 2870 2048 2924 ASSARTO,

184 2974 259 3015 per
271 2959 436 3003 bundas
452 2964 494 3003 et
508 2964 644 3004 metas
663 2961 821 3017 positas
834 2961 994 3006 ibidem
1014 2963 1059 3004 111
1080 2963 1293 3018 presentia
1309 2962 1474 3004 comitis
1495 2966 1538 3005 et
1556 2962 1720 3004 abbatis
1741 2977 1836 3005 cum
1853 2962 2050 3005 omnibus

184 3049 271 3092 suis
290 3050 585 3106 pertinentii83
618 3051 680 3093 Et
702 3052 896 3094 similiter
920 3068 1066 3095 omnes
1085 3056 1218 3096 terras
1247 3053 1359 3095 inter
1380 3052 1519 3095 Nam
1541 3057 1584 3095 et
1616 3052 1757 3095 TAwY
1778 3068 1853 3109 per
1882 3052 2049 3096 bundas
