2386 3645
1955 288 2065 330 1363

182 484 383 525 contenta
424 480 622 537 expedire
666 495 908 523 curaremus
939 515 948 524 .
993 482 1087 525 Nos
1121 483 1257 539 igitur
1288 486 1477 529 volentes
1511 488 1646 531 dictas
1679 490 1843 534 litteras
1876 494 2124 549 apostolicas

182 573 335 629 exequi
364 576 415 615 ut
443 575 650 625 tenemur,
672 572 945 628 ipsorumque
974 572 1140 616 abbatis
1170 578 1213 617 et
1242 579 1474 620 conventus
1503 578 1757 633 peticionem
1785 581 1832 623 in
1850 582 1951 637 ipsis
1970 584 2124 628 litteris

182 664 422 721 apostolicis
460 665 704 706 contentam
742 662 905 719 justam
944 665 987 706 et
1026 664 1142 720 piam
1185 681 1261 721 per
1301 668 1444 709 omnia
1484 672 1730 724 reputantes
1770 686 1818 715 ac
1858 673 1909 714 de
1948 675 2124 718 veritate

184 759 484 813 suggestorum
503 755 549 797 in
570 754 693 797 dictis
712 754 848 796 literis
867 755 1106 810 apostolicis
1126 757 1523 813 comprehensorum
1543 761 1762 803 certificari
1791 763 1991 816 volentes,
2013 766 2064 808 de
2085 768 2128 808 et

184 862 311 903 super
325 847 371 888 in
388 846 513 888 dictis
527 845 682 888 litteris
697 845 911 902 suggestis
923 848 967 888 et
982 847 1191 889 contentis
1207 848 1253 890 in
1272 848 1411 891 forma
1423 849 1532 905 juris
1548 851 1807 895 decrevimus
1827 853 2128 909 inquirendum

186 953 234 980 ac
264 937 423 980 vocatis
455 936 651 979 omnibus
682 936 728 978 in
764 936 843 979 hac
873 940 995 993 parte
1026 939 1225 981 vocandis
1255 955 1330 995 per
1359 940 1471 983 viros
1500 941 1739 998 fidedignos
1770 943 1816 985 in
1853 943 1991 987 forma
2024 945 2133 1001 juris

186 1029 351 1085 juratos
378 1031 422 1070 et
446 1028 676 1084 diligenter
701 1027 966 1071 examinatos
992 1029 1165 1085 plenam
1185 1029 1238 1072 de
1268 1031 1480 1085 premissis
1510 1032 1712 1075 noticiam
1742 1033 1982 1078 obtinentes
2012 1050 2132 1078 cause

189 1120 434 1176 cognicione
464 1121 507 1161 et
536 1118 645 1174 juris
673 1119 822 1161 ordine
849 1119 896 1162 in
925 1119 1005 1162 1100
1035 1136 1133 1163 casu
1162 1121 1215 1163 de
1239 1120 1337 1177 jure
1366 1123 1578 1178 requisitis
1607 1124 1653 1165 in
1681 1124 1877 1168 omnibus
1907 1125 2135 1168 observatis

189 1211 440 1254 auctoritate
471 1210 700 1266 apostolica
728 1210 851 1253 nobis
879 1211 926 1253 in
956 1211 1034 1254 hac
1064 1214 1185 1267 parte
1216 1213 1436 1256 commissa
1468 1214 1629 1270 inquiri
1658 1215 1837 1258 fecimus
1866 1216 2095 1273 diligenter
2127 1250 2136 1259 .

190 1303 324 1345 Unde
351 1318 428 1345 nos
459 1302 711 1344 auctoritate
742 1302 971 1358 apostolica
990 1303 1172 1358 prefata,
1193 1303 1240 1345 in
1261 1304 1510 1360 hujusmodi
1531 1305 1701 1348 unionis
1720 1307 2073 1362 incorporacionis
2093 1311 2136 1350 et

191 1393 454 1436 annectionis
483 1393 658 1450 negocio
686 1393 879 1449 legitime
907 1394 1192 1449 procedentes,
1220 1409 1366 1437 omnes
1391 1400 1433 1438 et
1459 1396 1651 1452 singulas
1672 1412 1852 1452 quorum
1876 1397 2051 1440 interest
2070 1398 2138 1440 vel

193 1501 268 1528 sua
289 1485 546 1528 crediderint
566 1485 766 1526 interesse
787 1485 842 1526 ad
863 1487 996 1527 certos
1016 1485 1131 1527 diem
1159 1488 1202 1528 et
1228 1486 1368 1528 locum
1397 1488 1452 1529 ad
1475 1487 1811 1530 interessendum
1838 1488 2069 1531 videndum
2102 1492 2145 1531 et

192 1577 454 1619 audiendum
473 1610 481 1618 .
496 1575 747 1631 hujusmodi
762 1575 966 1617 unionem
985 1575 1372 1632 incorporacionem
1389 1581 1431 1620 et
1444 1578 1738 1621 annectionem
1755 1594 1828 1621 seu
1843 1581 1898 1621 ad
1911 1580 2139 1622 dicendum

195 1683 365 1711 causam
386 1666 688 1709 racionabilem
708 1666 743 1708 si
764 1681 893 1722 quam
913 1681 990 1722 pro
1012 1682 1054 1709 se
1079 1667 1287 1710 haberent
1307 1684 1436 1724 quare
1456 1669 1704 1725 hujusmodi
1724 1670 1826 1713 unio
1854 1671 2140 1726 incorporacio

196 1764 238 1802 et
263 1758 459 1801 annectio
484 1757 651 1813 prefato
682 1757 937 1800 monasterio
969 1758 1060 1800 fieri
1086 1774 1173 1801 non
1201 1759 1416 1811 deberent,
1439 1761 1492 1802 ad
1514 1762 1842 1816 comparendum
1863 1776 2002 1803 coram
2022 1761 2143 1804 nobis

194 1850 374 1892 fecimus
395 1852 437 1891 et
457 1849 756 1891 mandavimus
778 1849 942 1891 evocari
965 1883 973 1891 .
999 1849 1167 1896 Quibus
1187 1850 1256 1892 die
1273 1855 1314 1893 et
1335 1852 1425 1893 1000
1442 1852 1500 1893 eis
1520 1855 1570 1893 ut
1590 1852 1803 1907 prefertur
1822 1852 1993 1908 prefixis
2014 1853 2144 1894 nullis

193 1942 240 1984 in
261 1942 340 1984 hac
352 1943 473 1996 parte
487 1940 828 1996 comparentibus
845 1942 918 1983 sed
932 1941 1035 1997 ipsis
1048 1956 1124 1996 per
1138 1957 1214 1984 nos
1229 1942 1275 1983 in
1288 1942 1367 1984 hac
1383 1946 1502 1998 parte
1519 1943 1837 1986 contumacibus
1852 1944 2142 2000 pronunciatis

194 2032 458 2075 decrevimus
477 2032 524 2073 in
544 2032 733 2087 ipsorum
754 2031 980 2074 citatorum
1000 2035 1043 2074 et
1057 2047 1144 2074 non
1158 2033 1498 2088 comparencium
1511 2048 1665 2089 penam
1679 2035 1733 2075 ad
1746 2034 2142 2089 pronunciacionem

196 2128 386 2167 nostram
408 2124 456 2165 in
481 2123 693 2165 dictarum
720 2123 891 2166 unionis
918 2124 1271 2180 incorporacionis
1306 2127 1347 2166 et
1371 2125 1621 2167 annexionis
1648 2126 1824 2181 negocio
1854 2126 2026 2168 finalem
2053 2126 2144 2168 fore

195 2215 510 2271 procedendum
549 2214 626 2256 ubi
667 2217 709 2256 et
748 2216 920 2270 quando
961 2215 1082 2258 nobis
1122 2216 1336 2258 videretur
1376 2217 1574 2272 expedire
1608 2216 1796 2272 ipsorum
1829 2216 2033 2259 absenciis
2071 2232 2145 2259 seu

197 2306 472 2349 contumaciis
491 2321 579 2348 non
600 2305 866 2348 obstantibus
887 2305 1234 2362 quibuscumque.

256 2397 349 2440 Nos
376 2397 513 2453 igitur
542 2396 731 2439 Tnoms
770 2397 1045 2453 permissione
1085 2397 1231 2439 divina
1270 2397 1591 2440 LANDAVENsrs
1631 2398 1849 2453 episcopus
1887 2398 1933 2440 in
1972 2398 2147 2455 negocio

197 2488 367 2531 unionis
386 2487 741 2543 incorporacionis
762 2492 803 2530 et
825 2488 1088 2530 annectionis
1109 2488 1477 2543 infrascriptarum
1506 2504 1531 2529 a
1561 2489 1658 2530 sede
1688 2488 1916 2543 apostolica
1947 2492 2146 2531 executor

197 2580 349 2622 unicus
378 2579 616 2634 specialiter
645 2579 876 2634 deputatus
907 2613 915 2620 .
950 2578 1139 2621 CfflusTI
1170 2579 1342 2621 nomine
1381 2594 1456 2634 per
1495 2594 1573 2621 nos
1611 2578 1830 2621 humiliter
1869 2579 2060 2621 invocato
2100 2580 2147 2622 in

197 2671 386 2727 predicto
407 2669 583 2726 negocio
598 2669 864 2725 procedimus
883 2669 927 2711 in
950 2670 1064 2711 hunc
1084 2670 1259 2712 modum
1277 2685 1347 2712 :-—

913 2759 969 2801 In
989 2760 1075 2802 Dei
1094 2759 1267 2802 nomine
1287 2759 1443 2801 Amen.

259 2851 434 2894 Auditis
468 2853 512 2893 et
546 2850 774 2892 intellectis
814 2850 976 2892 meritis
1016 2865 1137 2892 cause
1173 2850 1260 2892 sive
1301 2849 1466 2905 negocii
1502 2849 1672 2891 unionis
1711 2849 2062 2905 incorporacionis
2103 2853 2147 2893 et

203 2942 468 2987 annectionis
501 2941 671 2985 ecclesie
710 2941 985 2997 parrochialis
1025 2943 1077 2983 de
1119 2941 1309 2983 PENLYN
1346 2944 1487 2983 nostre
1522 2941 1732 2982 dioceseos
1764 2973 1773 2983 .
1805 2941 2059 2984 monasterio
2094 2943 2147 2984 de

201 3034 404 3078 MORGAN
455 3033 649 3089 ejusdem
693 3036 835 3074 nostre
895 3032 1104 3074 dioceseos
1152 3031 1444 3074 faciendarum
1492 3031 1700 3086 pleneque
1749 3030 1944 3073 discussis
1985 3065 1993 3074 .
2038 3031 2152 3078 Quia
