2386 3645
275 299 386 343 1358

1115 499 1264 544 MLV.

211 613 427 659 ROYAL
478 611 692 656 GRANT
743 610 822 654 OF
872 609 1002 652 THE
1052 606 1408 652 ADVOWSON
1456 605 1591 649 AND
1643 602 2159 648 APPROPRIATION

302 706 380 750 OF
420 704 551 748 THE
593 701 858 747 OHUROH
900 701 979 744 OF
1017 697 1366 743 ABERAVON
1407 696 1484 740 ΤΟ
1525 695 1804 739 MARGAM
1842 695 2070 738 ABBEY.

583 809 768 868 [RRO.
801 809 907 851 Pu.
941 807 1079 850 Rom.
1141 807 1167 849 8
1199 805 1297 848 Βῑο.
1329 804 1394 847 ΙΙ.
1455 803 1505 847 P.
1537 804 1591 857 L,
1622 803 1684 846 M.
1718 802 1781 860 9.]

1408 912 1464 954 28
1496 911 1597 954 Ocr.
1659 912 1686 953 8
1718 910 1815 954 R1c.
1847 910 1913 953 ΙΙ.
1977 912 2101 954 1384.

513 1028 609 1070 PRO
643 1027 833 1070 ABBATE
869 1038 924 1066 ET
960 1022 1207 1065 OONVENTU
1241 1035 1300 1063 DE
1332 1020 1536 1063 Monam
1571 1034 1621 1062 IN
1659 1019 1867 1063 WALLIA,

274 1137 373 1181 Rex
394 1134 605 1179 Omnibus
624 1134 679 1176 ad
700 1146 805 1188 quos
825 1134 902 1173 etc.
926 1129 1120 1172 salutem.

274 1227 580 1284 Supplicarunt
599 1223 721 1267 nobis
741 1221 885 1264 dilecti
904 1219 1027 1263 nobis
1046 1219 1092 1261 in
1113 1218 1311 1261 OHms‘ro
1332 1217 1462 1260 abbas
1481 1219 1525 1259 et
1545 1218 1777 1259 conventus
1797 1217 1850 1259 de
1879 1216 2082 1260 MORGAN
2112 1217 2160 1260 in

215 1317 560 1364 SUTH-WALLIA
583 1348 592 1357 .
614 1317 664 1357 ut
683 1327 780 1356 cum
800 1311 1062 1354 EDWARDUS
1081 1309 1122 1351 le
1142 1309 1414 1351 DESPENSER
1432 1321 1570 1362 nuper
1584 1307 1782 1349 dominus
1803 1306 2166 1350 GLAMORGANCIE

213 1415 256 1455 et
276 1411 602 1453 MORGANNOKE
623 1406 670 1448 in
690 1403 888 1449 WALmA
910 1436 918 1445 .
942 1401 1211 1445 considerans
1230 1413 1434 1455 magnam
1453 1401 1620 1454 partem
1638 1405 1849 1440 terrarum
1868 1399 1923 1441 ad
1943 1398 2163 1443 abbaciam

213 1502 448 1560 predictam
477 1496 787 1555 pertinencium
817 1509 893 1550 per
922 1492 1118 1536 sabulum
1147 1490 1411 1533 maritimum
1450 1489 1582 1532 fuisse
1621 1491 1880 1532 destructam
1910 1490 1956 1532 in
1985 1490 2165 1534 nimiam

214 1589 620 1648 depauperacionem
659 1585 831 1629 abbacie
870 1582 1083 1626 antedicto
1114 1584 1158 1625 et
1191 1581 1370 1638 proinde
1402 1581 1629 1623 devocione
1660 1583 1703 1623 et
1736 1580 1896 1637 pietate
1931 1583 2166 1625 commotus

214 1683 398 1727 dedisset
430 1683 473 1724 et
505 1677 771 1722 concessisset
802 1690 878 1733 pro
910 1689 953 1717 se
974 1676 1018 1716 et
1037 1671 1266 1716 heredibus
1285 1671 1371 1714 suis
1391 1673 1494 1714 tunc
1515 1670 1660 1714 abbati
1681 1674 1724 1714 et
1746 1671 1977 1714 conventui
1997 1671 2168 1716 abbatie

213 1775 329 1818 illius
349 1771 673 1816 advoca-cionem
693 1767 862 1810 ecclesie
883 1767 936 1809 de
956 1765 1123 1807 AVENE
1144 1764 1191 1806 in
1211 1762 1400 1806 dominio
1421 1777 1496 1805 suo
1517 1763 1569 1805 de
1592 1762 1883 1805 GLAMORGAN
1904 1762 2167 1807 in'WALmA

214 1881 296 1923 que
317 1866 369 1907 de
390 1862 513 1906 nobis
533 1863 703 1904 tenetur
722 1859 769 1901 in
789 1857 926 1914 capite
958 1891 967 1899 .
1001 1855 1267 1899 Habendum
1287 1857 1330 1897 et
1349 1854 1586 1897 tenendum
1606 1852 1686 1896 sibi
1699 1856 1742 1896 et
1755 1853 2060 1897 successoribus
2077 1855 2164 1897 suis

214 1958 261 2001 in
292 1970 445 2013 puram
478 1956 521 1997 et
553 1954 803 2008 perpetuam
835 1947 1110 1990 elemosinam
1130 1946 1446 2002 imperpetuum
1466 1944 1641 1987 licencia
1661 1944 1781 2001 regia
1801 1947 1929 2000 prout
1948 1945 2078 1988 moris
2098 1948 2166 1989 est

217 2063 343 2105 super
362 2047 442 2089 hoc
462 2060 548 2087 non
574 2044 750 2099 optenta
774 2039 1044 2096 intelligente
1064 2038 1177 2080 dicto
1205 2037 1441 2079 EDWARDO
1462 2037 1602 2091 ipsum
1622 2051 1672 2078 eo
1693 2037 1806 2091 quod
1827 2051 1938 2078 unus
1959 2035 2168 2080 baronum

218 2141 271 2183 de
287 2137 481 2181 Marchia
496 2135 692 2179 WALLm
708 2132 793 2174 fuit
814 2134 855 2174 et
875 2130 991 2173 infra
1006 2130 1170 2172 dictum
1185 2128 1424 2171 dominium
1443 2143 1569 2170 suum
1590 2128 1641 2169 de
1660 2126 1949 2170 GLAMORGAN
1966 2128 2169 2184 quicquid

218 2233 273 2275 ad
302 2228 642 2287 jurisdictionem
670 2224 858 2281 regalem
878 2222 1064 2278 pertinet
1094 2236 1137 2264 se
1159 2220 1315 2263 habere
1335 2219 1614 2276 pretendebat
1643 2219 1920 2261 donacionem
1940 2222 1983 2262 et
2003 2235 2167 2263 conces-

219 2322 380 2365 sionem
409 2318 618 2376 predictas
648 2315 804 2370 absque
833 2312 1009 2356 licencia
1047 2311 1167 2368 regia
1205 2311 1321 2353 licite
1359 2310 1496 2353 faeere
1526 2309 1712 2365 potuisse
1742 2325 1839 2352 cum
1868 2325 1956 2353 non
1986 2315 2126 2367 posset
2157 2345 2166 2355 .

220 2413 617 2467 Subsequenterque
645 2407 874 2462 impetrata
903 2420 956 2447 ex
990 2406 1111 2460 parte
1140 2403 1426 2459 predictorum
1456 2400 1621 2444 abbatis
1660 2405 1702 2443 et
1743 2404 1974 2444 conventus
2008 2418 2033 2444 a
2073 2404 2171 2446 sede

221 2502 449 2561 apostolica
464 2499 639 2543 licencia
655 2495 956 2554 appropriandi
976 2494 1193 2538 ecclesiam
1209 2493 1442 2549 predictam
1456 2494 1499 2533 et
1512 2506 1605 2533 eam
1620 2491 1667 2534 in
1680 2492 1872 2548 proprios
1883 2507 1984 2535 usus
1996 2494 2172 2537 tenendi

222 2595 307 2639 suis
327 2591 566 2649 sumptibus
595 2604 682 2632 non
711 2587 888 2630 modicis
916 2589 959 2629 et
989 2585 1184 2641 expensis
1206 2619 1214 2627 .
1237 2599 1315 2626 nos
1344 2583 1666 2626 advocacionem
1685 2582 1804 2624 illam
1825 2585 2032 2639 tanquam
2052 2584 2174 2628 nobis

221 2685 485 2730 forisfaetam
514 2697 590 2738 per
613 2679 825 2736 judicium
844 2678 890 2720 in
921 2677 1037 2720 curia
1066 2679 1211 2719 nostra
1241 2690 1381 2718 coram
1409 2673 1591 2730 justiciis
1620 2674 1774 2716 nostris
1804 2675 1857 2716 de
1876 2673 2010 2717 banco
2030 2691 2175 2720 versus

222 2777 434 2834 prefatam
454 2773 652 2816 abbatem
670 2770 751 2813 rite
771 2769 987 2812 redditum
1007 2783 1055 2811 eo
1076 2768 1191 2823 quod
1210 2765 1433 2809 advocacie
1449 2765 1639 2821 predicta
1659 2767 1805 2807 contra
1825 2765 2008 2808 formam
2024 2767 2175 2810 statuti

224 2870 277 2911 de
296 2866 420 2910 terris
449 2867 492 2907 et
510 2861 766 2907 tenementis
787 2861 842 2903 ad
862 2873 1040 2901 manum
1067 2860 1280 2901 mortuam
1302 2872 1388 2899 non
1409 2856 1617 2912 ponendis
1637 2855 1743 2898 editi
1770 2856 1948 2912 prefatis
1968 2856 2112 2900 abbati
2133 2861 2176 2901 et

223 2956 451 3002 conventui
471 2956 526 2997 ad
546 2967 724 2995 manum
744 2955 956 2993 mortuam
975 2952 1026 2992 ut
1045 2948 1309 3005 premittitur
1328 2948 1430 2990 data
1450 2949 1492 2989 et
1513 2961 1705 2989 concessa
1724 2946 1813 2989 fuit
1835 2948 2177 3003 recuperavimus

223 3049 342 3106 regio
371 3047 468 3104 jure
496 3048 640 3088 nostro
670 3041 792 3086 nobis
820 3043 864 3084 et
902 3040 1129 3084 heredibus
1167 3039 1322 3082 nostris
1361 3053 1437 3094 pro
1469 3039 1673 3094 perpetuo
1702 3037 1956 3093 possidendo
1996 3038 2177 3082 velimus
