2386 3645
1927 283 2038 325 1583

239 487 383 524 nostro
414 483 637 525 indentato
669 482 812 538 sigi-Ua
831 485 976 524 nostra
997 483 1281 538 apposuimus.
1344 483 1446 527 Hiis
1465 485 1644 528 testibus
1666 519 1675 528 .
1697 486 1727 529 J
1729 501 1916 530 OHANNE
1947 488 2096 532 SEYNT

240 573 271 616 J
273 587 367 615 OHN
389 606 398 614 .
418 573 622 615 OLIVERO
644 572 794 615 SEYNT
821 572 851 615 J
852 587 947 614 OHN
968 572 1178 615 militibus
1201 607 1209 615 .
1233 573 1401 616 THOMA
1429 574 1685 618 MALYFANT
1704 577 1873 632 juniore
1896 612 1903 620 .
1928 578 2096 622 Tuom

240 663 438 706 NERBER
459 698 467 706 .
501 664 531 706 J
532 678 720 706 OHANNE
741 664 780 706 le
801 663 922 705 Eum
943 666 986 705 et
1007 663 1265 707 WILLELMO
1286 664 1512 707 FLEMYNG
1533 667 1764 722 armigeris.

298 755 463 798 Datum
483 755 680 797 vicesimo
701 755 771 796 die
792 754 901 797 Maii
922 770 1035 796 anno
1056 755 1179 811 regni
1201 755 1335 812 Regis
1356 755 1562 798 HENRIOI
1584 758 1692 799 sexti
1707 762 1801 813 post
1822 765 2097 815 conquestum

239 845 424 887 ANGLIE
446 845 635 900 septimo.
702 844 841 901 [AD.
876 845 1022 900 1429]

211 935 476 978 Possessione
506 937 606 978 inde
639 936 871 979 deliberata
905 951 981 992 per
1013 935 1241 979 PAGANUM
1278 938 1330 979 de
1365 937 1504 980 AUNE
1538 942 1581 980 et
1617 937 1914 982 WILLELMUM
1947 940 2100 984 TEcKo

155 1028 390 1068 attornatos
410 1041 485 1082 per
504 1027 649 1069 literas
669 1031 834 1068 nostras
854 1027 955 1068 inde
977 1026 1174 1069 seisinam
1195 1027 1518 1070 deliberandum
1539 1030 1790 1073 constitutos
1816 1034 1859 1074 et
1887 1032 2101 1075 ordinatos

155 1132 336 1173 quarum
356 1120 478 1160 tenor
498 1118 689 1173 sequitur
709 1118 755 1159 in
776 1117 852 1159 hec
872 1117 1000 1159 verba
1017 1133 1086 1159 :—

304 1210 364 1265 (4)
400 1209 610 1251 Omnibus
653 1209 842 1251 CHRISTI
885 1208 1081 1251 fidelibus
1123 1210 1177 1250 ad
1220 1224 1324 1264 quos
1369 1225 1538 1266 presens
1586 1212 1790 1267 scriptum
1830 1212 2103 1256 indentatum

240 1300 481 1356 pervenerit
514 1300 754 1342 HENRICUS
781 1299 1031 1342 BEAUFORD
1059 1300 1144 1342 Dei
1172 1301 1311 1356 gratia
1343 1301 1582 1345 Cardinalis
1606 1302 1791 1345 ANGLIE
1812 1306 1855 1345 et
1884 1304 2102 1360 episcopus

242 1392 500 1436 WYNTONIE
534 1391 791 1433 MORGANUS
825 1406 879 1446 ap
913 1390 1103 1433 JANKYN
1138 1391 1301 1434 KEMYs
1335 1397 1377 1434 et
1409 1392 1601 1435 THOMAS
1630 1392 1825 1435 LYDDYN
1846 1395 2028 1437 salutem
2059 1395 2105 1437 in

197 1526 202 1532 ,
239 1483 428 1525 Domino
460 1482 772 1537 sempiternam.
835 1481 1054 1524 Noveritis
1081 1498 1158 1525 nos
1188 1483 1402 1525 ordinasse
1433 1484 1699 1526 constituisse
1719 1485 1827 1527 etin
1847 1485 1938 1528 loco
1959 1491 2104 1529 nostro

238 1574 423 1629 posuisse
451 1573 625 1615 dilectos
654 1572 776 1614 nobis
795 1572 842 1614 in
864 1572 1060 1615 CHRISTO
1081 1573 1313 1616 PAGANUM
1334 1575 1386 1617 de
1406 1574 1545 1617 AUNE
1567 1577 1611 1617 et
1631 1574 1930 1618 WILLELMUM
1951 1576 2104 1619 ΤΕοΚο

239 1665 503 1721 conjunctim
538 1669 580 1706 et
615 1664 784 1706 divisim
820 1668 985 1706 nostros
1007 1679 1129 1707 veros
1149 1669 1191 1707 et
1212 1666 1427 1722 legitimos
1447 1669 1683 1709 attornatos
1704 1668 1758 1709 ad
1779 1667 2103 1711 deliberandum

237 1756 410 1798 nomine
449 1759 592 1798 nostro
633 1755 869 1797 EDWARDO
910 1754 1182 1797 STRADLYNG
1222 1757 1352 1799 militi
1392 1762 1434 1799 et
1484 1757 1514 1800 J
1516 1772 1704 1800 OHANNE
1749 1759 1872 1800 uxori
1918 1759 2013 1815 ejus
2059 1762 2102 1802 et

237 1846 463 1889 heredibus
503 1849 556 1889 de
596 1861 742 1889 eorum
782 1846 1027 1902 corporibus
1066 1847 1259 1903 legitime
1305 1848 1534 1904 procreatis
1574 1849 1746 1904 plenam
1794 1852 1838 1891 et
1882 1849 2102 1905 pacificam

239 1939 437 1981 seisinam
467 1939 519 1980 de
550 1941 592 1980 et
622 1937 668 1979 in
697 1937 938 1979 manerium
971 1939 1022 1979 de
1059 1937 1251 1980 LANFEY
1287 1954 1384 1981 cum
1413 1939 1686 1995 pertinenciis
1717 1939 1832 1982 infra
1863 1941 2101 1983 dominium

240 2030 292 2072 de
321 2029 517 2072 OGMOUR
545 2031 728 2084 quatuor
757 2032 972 2071 carucatas
1003 2033 1112 2072 terre
1144 2030 1300 2086 viginti
1329 2030 1517 2086 quinque
1538 2046 1654 2074 acras
1675 2034 1716 2074 et
1737 2031 1959 2074 dimidiam
1988 2032 2102 2088 prati

237 2123 408 2162 centum
448 2134 565 2162 acras
598 2123 709 2161 terre
745 2119 918 2162 arabilis
950 2119 1087 2162 tribus
1127 2121 1244 2176 (tres)
1281 2136 1398 2163 acras
1430 2121 1545 2164 bosci
1580 2122 1737 2178 viginti
1770 2126 1952 2178 quatuor
1984 2138 2100 2165 acras

236 2214 408 2266 pasture
428 2211 652 2267 sexaginta
672 2225 788 2252 acras
807 2211 917 2253 vasti
953 2214 994 2252 et
1025 2212 1248 2267 sexaginta
1281 2212 1435 2255 solidos
1455 2213 1589 2255 annui
1622 2213 1815 2255 redditus
1850 2229 1931 2269 que
1962 2228 2099 2269 nuper

236 2301 464 2344 habuimus
497 2317 550 2343 ex
581 2302 691 2344 dono
723 2305 766 2344 et
801 2301 1078 2344 feoffamentc
1098 2302 1278 2357 predicti
1298 2302 1524 2345 EDWARDI
1555 2303 1715 2346 ibidem
1749 2305 1980 2346 secundum
2010 2304 2098 2346 vim

236 2393 419 2436 formam
455 2395 498 2434 et
532 2392 732 2434 effectum
768 2393 836 2449 cuj
842 2394 993 2435 usdam
1029 2398 1141 2435 carte
1176 2399 1318 2436 nostre
1352 2394 1573 2436 indentate
1601 2394 1759 2436 eisdem
1786 2394 2020 2436 EDWARDO
2054 2397 2096 2437 et

236 2483 265 2526 J
268 2497 456 2526 OHANNE
492 2483 614 2525 uxori
650 2483 744 2539 ejus
778 2487 821 2526 et
851 2484 1076 2526 heredibus
1107 2485 1159 2526 de
1195 2499 1341 2527 eorum
1374 2484 1617 2540 corporibus
1646 2485 1838 2541 legitime
1869 2486 2094 2541 procreatis

235 2574 425 2617 confecto
455 2574 578 2630 cujus
609 2575 759 2616 datum
790 2578 853 2616 est
882 2575 1080 2617 vicesimo
1111 2575 1180 2617 die
1200 2575 1310 2617 Maii
1330 2590 1443 2618 anno
1463 2576 1588 2632 regni
1604 2576 1737 2632 Regis
1758 2575 1963 2618 HENRICI
1985 2575 2094 2618 sexti

234 2669 329 2722 post
362 2668 640 2721 conquestum
679 2665 866 2708 ANGLIE
903 2666 1094 2721 septimo.
1176 2666 1232 2708 In
1263 2666 1381 2721 cujus
1415 2666 1477 2708 rei
1506 2666 1798 2709 testimonium
1826 2682 1903 2709 nos
1941 2667 2095 2722 prefati

235 2757 476 2800 Hmuucns
505 2755 709 2798 Monam
740 2759 782 2798 et
813 2755 1003 2799 Tuoms
1033 2756 1132 2799 huic
1161 2757 1347 2812 presenti
1376 2758 1530 2813 scripto
1549 2760 1693 2800 nostro
1713 2758 1934 2800 indentato
1954 2758 2096 2813 sigilla

233 2850 378 2890 nostra
405 2847 691 2903 apposuimus.

287 2934 454 2981 Datum
472 2938 670 2980 vicesimo
697 2937 766 2980 die
787 2937 896 2980 Maii
917 2953 1029 2980 anno
1045 2938 1168 2994 regni
1189 2938 1324 2995 Regis
1344 2938 1551 2981 Hnmucr
1572 2939 1681 2980 sexti
1701 2940 1796 2993 post
1816 2940 2091 2994 conquestum

230 3029 415 3072 A-NGLIE
436 3028 615 3083 septimo
639 3026 832 3084 [1429.]¹
