2386 3645
312 283 423 325 1340

310 490 436 542 Aqui.
497 486 623 529 Idem
648 485 876 541 respondet
895 484 947 526 de
967 498 1088 526 XIIII.
1111 482 1234 539 agnis
1253 480 1383 537 precii
1404 494 1523 523 v1118.
1554 482 1630 521 IId.
1653 479 1705 520 de
1726 477 1889 520 catallis
1919 477 2029 519 dicte
2058 475 2196 519 Lem

252 579 418 622 felonis.
480 577 657 620 Summa
676 590 797 618 XIIII.
832 609 840 617 .
873 574 935 617 Et
953 573 1122 616 liberati
1143 573 1255 615 dicto
1277 572 1432 614 DAVID
1465 604 1474 613 .
1506 570 1567 612 Et
1587 569 1732 612 nullus
1751 569 1953 610 remanet.

312 670 501 712 Porcelli.
562 666 687 709 Idem
721 666 948 721 respondet
979 665 1030 706 de
1060 678 1134 706 xx.
1168 662 1359 719 porcellis
1389 661 1518 717 precii
1547 675 1638 702 XVS.
1671 661 1724 701 de
1754 658 1915 700 herieto
1946 656 2112 700 ΤΗΟΜΕ
2144 672 2201 713 ap-

253 761 370 804 IVOR
390 758 594 802 defuncti.
657 756 834 800 Summa
855 770 928 798 xx.
964 790 972 797 .
1006 754 1067 796 Et
1088 753 1251 796 venditi
1271 753 1386 795 infra
1418 785 1427 794 .
1460 751 1521 793 Et
1541 751 1686 792 nullus
1705 751 1908 791 remanet.

1130 968 1308 1012 MXLI.

260 1084 475 1129 GRANT
511 1083 581 1126 IN
621 1081 772 1125 TAIL
815 1079 991 1122 MALE
1040 1077 1127 1120 BY
1162 1074 1419 1118 THOMAS
1460 1074 1546 1117 DE
1587 1072 2000 1125 BEAUGHAMP,
2031 1072 2203 1115 EARL

402 1175 481 1219 OF
528 1171 851 1218 WARWIOK
890 1169 1024 1213 AND
1074 1167 1243 1210 LORD
1291 1166 1369 1209 OF
1415 1164 1657 1217 GOWER,
1701 1163 1777 1206 TO
1823 1164 2071 1206 MEURIO
2121 1163 2203 1206 ΑΡ

402 1264 638 1316 PHILIP,
700 1263 778 1305 OF
842 1261 887 1304 A
949 1258 1195 1302 MOIETY
1265 1257 1343 1300 OF
1413 1255 1545 1298 THE
1613 1253 2063 1298 NETHER-MILL
2120 1253 2204 1296 AT

401 1353 874 1404 LLANRHIDIAN,
933 1350 1078 1403 ETO„
1138 1348 1222 1392 AT
1273 1347 1318 1390 A
1375 1345 1640 1390 YEARLY
1695 1345 1867 1388 RENT
1927 1345 2005 1388 OF
2065 1344 2204 1389 TWO

400 1444 740 1491 sHILLINGs
781 1443 916 1487 AND
958 1439 1387 1485 SEVENPENOE.

968 1549 1194 1604 [MARGAM
1237 1547 1492 1601 CHARTER]

1349 1639 1374 1678 5
1415 1637 1538 1679 ΜΑΥ.
1601 1637 1656 1678 49
1697 1635 1821 1677 Enw.
1865 1633 1957 1677 III.
2021 1635 2145 1676 1375.

315 1754 412 1797 Hec
448 1754 677 1795 indentura
712 1751 825 1792 facta
857 1749 971 1804 apud
1004 1744 1397 1803 SWEYN[ESEYAM]
1433 1745 1546 1786 inter
1585 1743 1772 1786 nobilem
1803 1743 1945 1785 virum
1982 1743 2204 1785 dominum

258 1846 464 1890 THOMAM
485 1844 537 1886 de
564 1843 718 1886 BELLO
749 1840 906 1884 OAMPo
927 1838 1123 1882 comitem
1143 1833 1482 1892 WARRE[WICI]
1509 1837 1552 1877 et
1571 1834 1794 1876 dominum
1816 1833 2029 1876 GOHERIE
2050 1849 2102 1875 ex
2124 1848 2211 1875 una

257 1942 378 1995 parte
399 1939 442 1979 et
462 1935 659 1978 MEUREC
681 1947 733 1988 ap
766 1929 984 1987 PH[ILIP]
1009 1944 1061 1971 ex
1083 1928 1216 1970 altera
1236 1929 1356 1982 parte
1377 1928 1559 1968 testatur
1580 1925 1694 1980 quod
1723 1925 1837 1967 idem
1866 1939 2003 1967 comes
2029 1923 2209 1966 tradidit

262 2028 463 2072 concessit
496 2028 539 2068 et
571 2024 734 2067 dimisit
764 2023 902 2065 eidem
934 2020 1132 2062 MEUREC
1162 2022 1205 2061 et
1239 2017 1465 2060 heredibus
1500 2017 1586 2059 suis
1620 2016 1818 2059 masculis
1849 2017 1902 2058 de
1932 2031 2102 2072 corpore
2134 2031 2208 2059 suo

261 2119 454 2177 legitime
482 2115 710 2173 procreatis
737 2113 1010 2155 medietatem
1040 2111 1110 2153 siti
1137 2110 1265 2152 unius
1295 2108 1531 2151 molendini
1552 2107 1737 2163 aquatici
1757 2106 1945 2149 molatici
1967 2122 2063 2149 cum
2084 2122 2208 2149 cursu

263 2226 372 2267 aque
393 2215 435 2251 et
457 2208 550 2250 aliis
577 2205 844 2263 pertinentiis
870 2206 1012 2259 preter
1040 2201 1248 2244 decimam
1272 2201 1437 2256 partem
1466 2198 1659 2255 ejusdem
1681 2197 1921 2239 medietatis
1941 2212 2023 2253 que
2047 2200 2212 2240 constat

265 2302 402 2345 eidem
422 2300 611 2342 MEURIC
631 2297 746 2352 apud
765 2295 1053 2337 LANRYDYAN
1076 2293 1191 2347 apud
1212 2292 1251 2333 le
1272 2290 1502 2333 NETHERE
1531 2289 1704 2331 MULNE
1727 2288 1875 2330 PLACE
1896 2289 1948 2331 de
1978 2288 2211 2331 hereditate

266 2408 342 2436 sua
362 2394 404 2434 et
424 2391 540 2432 unde
562 2391 659 2431 sunt
680 2385 914 2443 parcenarii
935 2386 986 2426 de
1008 2384 1141 2426 altera
1162 2382 1388 2424 medietate
1410 2381 1642 2423 RICARDUs
1673 2379 1909 2422 SCURLAGE
1941 2382 1983 2422 et
2013 2379 2212 2422 dominus

266 2483 296 2527 J
299 2495 509 2526 OHANNES
558 2479 832 2522 BEAUMOND.
894 2475 1008 2517 Item
1057 2474 1171 2516 idem
1221 2488 1359 2515 comes
1407 2471 1609 2514 concessit
1658 2470 1796 2512 eidem
1845 2470 2042 2512 MEUREC
2081 2485 2213 2512 unam

269 2574 498 2632 parcellam
519 2570 632 2627 prati
653 2584 749 2611 cum
769 2566 1038 2623 pertinentiis
1059 2566 1174 2621 apud
1203 2564 1408 2606 LIHTRID
1440 2577 1568 2618 quam
1588 2562 1706 2617 prius
1726 2561 1867 2604 tenuit
1885 2561 2045 2603 ibidem
2066 2567 2213 2604 tenen-

271 2667 375 2708 dum
396 2664 534 2706 eidem
554 2661 752 2703 MEUREc
773 2664 815 2700 et
835 2656 1060 2700 heredibus
1081 2656 1166 2699 suis
1186 2654 1383 2698 masculis
1404 2655 1457 2696 de
1477 2668 1646 2709 corpore
1668 2667 1741 2694 suo
1762 2652 1954 2708 legitime
1975 2653 2214 2708 procreatis.

270 2755 508 2800 Reddendo
546 2752 646 2794 inde
687 2749 911 2792 annuatim
947 2747 1085 2789 eidem
1126 2745 1270 2788 comiti
1310 2748 1352 2786 et
1386 2743 1612 2786 heredibus
1648 2742 1733 2785 suis
1765 2758 1841 2798 pro
1873 2743 1988 2785 dicta
2018 2745 2216 2798 proparte

269 2844 505 2890 molendini
533 2844 638 2885 duos
662 2841 816 2884 solidos
840 2840 894 2881 ad
922 2838 1032 2880 festa
1056 2837 1217 2880 Pasche
1246 2839 1287 2878 et
1313 2835 1574 2878 MICHAELIS
1594 2834 1714 2889 equis
1744 2833 2013 2889 porcionibus
2036 2868 2044 2876 .
2068 2837 2111 2876 et
2140 2849 2216 2890 pro

271 2939 384 2981 dicta
403 2934 587 2993 parcella
607 2932 720 2989 prati
740 2933 901 2986 septem
922 2929 1117 2971 denarios
1137 2927 1362 2970 annuatim
1383 2926 1437 2968 ad
1458 2925 1693 2967 terminum
1714 2924 1975 2966 MICHAELIS
1996 2927 2038 2967 et
2059 2925 2111 2967 de
2132 2925 2216 2968 fine

270 3031 326 3072 ad
344 3029 584 3084 ingressum
603 3038 707 3066 XIIJ.
732 3022 885 3065 solidos
907 3035 998 3062 IIIJ.
1021 3019 1227 3071 denarios,
1246 3020 1289 3060 et
1308 3016 1482 3060 habebit
1501 3015 1751 3058 meremium
1771 3015 1817 3057 in
1838 3014 1961 3058 bosco
1982 3015 2144 3058 domini
2164 3017 2216 3059 de
