2386 3645
1938 286 2046 328 1241

150 487 309 530 ‘eodem
349 484 658 527 constabulario
694 486 750 526 ad
767 484 886 527 'bene
921 490 963 528 et
998 486 1182 544 fideliter
1215 487 1458 530 faciendum
1494 503 1741 545 quecunque
1777 491 1831 533 ad
1865 492 2000 535 officia
2031 507 2108 535 sua

161 576 434 633 pertinencia.
496 575 557 617 Et
588 576 702 631 quod
731 575 862 617 iidem
889 577 1093 632 prepositi
1122 579 1164 619 et
1194 580 1416 620 tastatores
1446 579 1611 621 onerari
1631 580 1814 623 debeant
1833 581 1880 624 in
1905 583 2108 638 compotis

163 667 249 709 suis
270 667 322 708 de
343 665 527 708 exitibus
550 665 707 707 ballive
743 681 890 708 eorum
926 671 969 708 et
999 668 1127 708 etiam
1160 669 1274 723 quod
1304 669 1483 723 predicti
1510 670 1595 712 duo
1624 671 1827 726 prepositi
1856 675 1899 714 et
1927 672 2110 716 ballivus

153 758 234 814 qui
254 773 330 813 pro
351 760 540 812 tempore
561 757 723 799 fuerint
743 772 819 812 pro
840 757 1026 800 serviciis
1047 758 1133 800 suis
1154 760 1206 800 de
1226 759 1398 802 redditu
1428 760 1556 802 unius
1585 761 1786 818 burgagii
1813 763 1898 804 sint
1932 764 2112 818 quilibet

161 863 306 891 eorum
327 847 461 903 quieti
481 863 557 903 per
586 863 761 890 annum.
822 848 884 890 Et
914 850 1028 904 quod
1060 849 1175 892 idem
1203 849 1388 893 ballivus
1419 851 1556 907 capiet
1585 853 1638 894 de
1668 852 1924 895 molendinis
1954 855 2108 897 nostris

151 940 214 981 ⁴de
234 938 450 981 KAERDIF
478 953 554 994 pro
586 939 762 980 servicio
794 942 836 981 et
863 938 1007 981 labore
1040 955 1114 982 suo
1145 942 1198 982 de
1225 941 1362 983 tribus
1392 943 1639 998 septimanis
1668 943 1715 985 in
1745 948 1829 986 tres
1854 944 2112 1000 septimanas

159 1045 296 1072 unum
315 1029 548 1071 bussellum
569 1029 777 1072 frumenti
796 1045 872 1085 per
891 1032 1027 1073 totam
1048 1046 1223 1074 annum.

217 1120 510 1163 Concessimus
545 1122 675 1163 etiam
707 1122 908 1177 predictis
935 1121 1219 1177 burgensibus
1245 1124 1400 1166 nostris
1428 1126 1541 1180 quod
1576 1126 1629 1167 de
1665 1125 1860 1168 omnibus
1890 1126 2109 1169 merchan-

159 1212 262 1254 disis
292 1215 382 1253 tam
417 1227 493 1267 per
525 1215 682 1254 terram
724 1228 853 1267 quam
889 1228 965 1268 per
998 1228 1154 1269 aquam
1191 1215 1247 1256 ad
1286 1215 1520 1270 predictam
1555 1216 1703 1258 villam
1734 1216 2004 1259 venientibus
2039 1232 2112 1260 seu

157 1303 477 1346 transeuntibus
517 1304 823 1346 demonstratio
863 1304 1003 1360 primo
1044 1305 1118 1347 fiet
1153 1305 1463 1348 constabulario
1495 1310 1638 1349 nostro
1670 1307 1859 1362 predicto
1895 1310 1937 1350 et
1967 1311 2113 1363 postea

157 1394 381 1450 prepositis
431 1394 531 1436 ville
580 1395 698 1450 prius
740 1410 869 1450 quam
912 1395 1074 1451 aliquid
1125 1397 1224 1438 inde
1275 1397 1330 1439 sit
1378 1398 1602 1440 venditum
1652 1413 1726 1441 seu
1774 1402 1984 1441 remotum
2034 1398 2112 1442 sub

158 1501 269 1541 pena
301 1501 383 1541 qua
415 1487 546 1528 decet.
609 1485 668 1528 Et
700 1487 814 1541 quod
854 1487 999 1529 nullus
1040 1489 1091 1529 de
1138 1487 1420 1543 burgensibus
1459 1489 1614 1531 nostris
1655 1490 1854 1545 predictis
1894 1490 1987 1546 capi
2031 1505 2110 1533 nec

157 1577 427 1632 imprisonari
459 1577 611 1619 debeat
640 1577 686 1619 in
718 1581 853 1619 castro
884 1582 1027 1620 nostro
1058 1580 1246 1634 predicto
1277 1595 1352 1634 pro
1383 1580 1596 1635 aliquibus
1617 1595 1685 1622 eos
1705 1581 1982 1637 tangentibus
2003 1582 2108 1624 dum

158 1668 538 1724 manucapcionem
573 1684 647 1711 seu
682 1669 948 1725 plegiagium
984 1671 1039 1712 ad
1079 1671 1330 1713 exteriorem
1365 1674 1533 1726 portam
1568 1671 1756 1726 ejusdem
1786 1673 1910 1714 castri
1939 1675 2110 1728 possent

159 1759 353 1801 invenire
375 1759 456 1801 nisi
477 1759 523 1801 in
543 1774 641 1801 casu
662 1760 819 1802 felonie
842 1776 937 1802 cum
954 1776 1211 1817 manuopere
1227 1766 1397 1804 tantum
1413 1762 1526 1817 capti
1541 1762 1703 1804 fuerint
1718 1778 1792 1805 seu
1807 1778 1883 1818 pro
1900 1763 2113 1818 aliquibus

159 1864 237 1892 nos
273 1854 348 1892 aut
379 1850 566 1892 familias
596 1855 762 1893 nostras
794 1851 1031 1907 specialiter
1062 1852 1352 1908 tangentibus.
1429 1853 1490 1894 Et
1526 1854 1578 1894 de
1611 1853 1807 1895 omnibus
1839 1853 1963 1895 rebus
1997 1853 2113 1896 infra

157 1941 401 1984 libertatem
432 1942 533 1984 ville
563 1948 706 1984 nostre
737 1943 925 1998 predicte
956 1943 1080 1985 factis
1110 1943 1298 1998 prefatos
1327 1943 1558 2000 burgenses
1587 1946 1832 1986 tenementa
1859 1959 1932 1986 seu
1959 1945 2112 1987 catalla

158 2048 306 2075 eorum
331 2033 610 2089 tangentibus
640 2035 754 2075 unde
779 2034 1001 2089 inquisicio
1029 2035 1121 2089 capi
1153 2034 1304 2076 debeat
1332 2036 1446 2090 quod
1466 2035 1541 2076 illa
1562 2035 1784 2090 inquisicio
1806 2036 1860 2077 sit
1880 2036 2108 2079 terminata

157 2140 234 2181 per
253 2125 503 2167 intrinsecos
524 2125 717 2181 ejusdem
739 2126 839 2167 ville
861 2128 903 2167 et
924 2141 1011 2168 non
1033 2141 1107 2181 per
1127 2126 1244 2168 alios.

216 2215 508 2258 Ooncessimus
537 2216 711 2272 insuper
739 2216 896 2258 eisdem
917 2215 1200 2272 burgensibus
1231 2217 1385 2258 nostris
1407 2217 1521 2272 quod
1540 2217 1621 2272 ipsi
1641 2232 1718 2258 nec
1738 2216 1912 2259 heredes
1933 2217 1998 2260 sui
2020 2232 2107 2260 esse

155 2322 243 2350 non
264 2307 447 2350 debeant
466 2311 700 2363 receptores
721 2308 992 2350 denariorum
1020 2311 1260 2349 nostrorum
1281 2308 1363 2349 nisi
1384 2310 1554 2349 tantum
1576 2309 1628 2349 de
1649 2307 1831 2350 denariis
1852 2308 2105 2350 exeuntibus

157 2399 209 2440 de
230 2398 389 2441 balliva
409 2399 693 2454 prepositatus
716 2399 816 2441 ville
844 2402 985 2440 nostre
1006 2398 1192 2453 predicte
1213 2414 1290 2440 nec
1318 2398 1517 2454 distringi
1538 2399 1722 2441 debeant
1742 2400 1797 2440 ad
1817 2399 1943 2440 blada
1963 2413 2108 2441 carnes

155 2489 258 2531 vina
287 2505 360 2532 seu
388 2490 472 2531 alia
493 2490 696 2532 victualia
725 2493 870 2532 nostra
891 2493 1037 2531 contra
1058 2489 1323 2531 voluntatem
1343 2489 1531 2544 ipsorum
1552 2490 1731 2532 emenda
1751 2490 1824 2531 sed
1845 2490 1959 2545 quod
1979 2489 2104 2531 liberi

154 2580 242 2622 sint
281 2596 357 2636 per
395 2580 613 2623 libertates
653 2596 800 2623 eorum
839 2582 1019 2622 vendere
1061 2581 1204 2622 omnia
1244 2595 1325 2635 que
1355 2579 1515 2622 habent
1544 2581 1768 2622 vendenda
1797 2580 2030 2636 cuicunque
2061 2582 2104 2623 et

143 2671 476 2727 quibuscunque
498 2674 542 2713 et
561 2686 644 2727 quo
666 2676 855 2727 tempore
877 2671 1089 2713 voluerint
1109 2670 1267 2726 absque
1287 2671 1429 2725 aliquo
1450 2670 1767 2726 impedimento.

211 2762 411 2804 Preterea
443 2763 720 2805 concessimus
752 2761 930 2818 prefatis
964 2761 1245 2816 burgensibus
1285 2761 1440 2803 nostris
1479 2762 1593 2816 quod
1627 2760 1709 2816 ipsi
1748 2763 1791 2803 et
1825 2761 1999 2803 heredes
2033 2761 2099 2804 sui

154 2853 285 2896 libere
305 2854 449 2910 legare
469 2854 632 2909 possint
653 2853 797 2895 omnia
826 2853 1037 2909 burgagia
1058 2868 1133 2894 sua
1162 2868 1238 2908 per
1266 2852 1378 2908 ipsos
1405 2852 1618 2908 adquisita
1646 2854 1736 2894 tam
1766 2852 1818 2893 de
1847 2851 2101 2895 tenementis

142 2960 282 3000 vquam
306 2946 359 2987 de
385 2945 623 2987 redditibus
644 2945 878 3000 cuicunque
900 2947 942 2986 et
963 2944 1283 3000 quibuscunque
1303 2944 1517 2986 voluerint
1537 2944 1592 2985 ad
1611 2944 1876 2985 voluntatem
1895 2942 2096 2998 ipsorum.

147 3035 216 3077 Et
251 3037 364 3092 quod
396 3036 527 3079 iidem
558 3035 791 3092 burgenses
823 3035 958 3077 nostri
993 3035 1195 3091 distringi
1227 3050 1314 3077 non
1347 3034 1530 3077 debeant
1560 3034 1676 3076 exire
1707 3033 1904 3089 antiquas
1932 3032 2100 3076 bundas

301 3177 370 3212 71⁴*
