2386 3645
1988 295 2100 338 1367

211 490 397 547 episcopi
417 490 622 534 antedicti
642 491 724 533 loci
743 490 956 533 diocesani
974 491 1109 534 factas
1129 496 1171 534 et
1192 508 1267 549 per
1296 494 1459 537 dictum
1487 499 1652 550 patrem
1681 498 1895 552 admissas,
1925 502 2152 558 volensque

211 581 515 638 subsequenter
533 581 786 625 venerabilis
815 585 859 624 et
887 582 1111 638 religiosus
1139 584 1204 626 vir
1233 584 1382 626 ffrater
1410 585 1441 628 J
1443 599 1651 629 OHANNES
1680 588 1809 632 abbas
1838 593 2080 635 monasterii
2100 594 2152 636 de

211 672 415 716 Momm
445 673 649 716 antedicti
678 673 1068 729 appropriacionem
1097 674 1300 717 unionem
1329 679 1372 717 et
1411 677 1717 720 concessionem
1757 680 1989 723 antedictas
2027 698 2151 726 suum

210 764 362 807 debere
383 763 576 806 debitum
596 764 736 806 sortiri
757 764 956 806 effectum
978 779 1020 806 se
1041 765 1097 807 ad
1109 765 1267 807 dictam
1283 766 1499 809 ecclesiam
1514 768 1566 809 de
1578 768 1745 810 AVENE
1761 769 1819 812 sic
1839 773 2152 828 appropriatam

211 869 261 896 ea
281 855 334 896 de
355 869 480 897 eausa
500 854 722 897 transtulit
742 856 785 896 et
805 869 900 897 eam
919 855 1093 897 nomine
1114 870 1189 898 suo
1210 859 1254 898 et
1283 861 1515 901 conventus
1535 858 1601 901 sui
1631 861 1673 901 et
1701 862 1946 903 monasterii
1974 864 2151 918 predicti

207 945 448 988 intencione
473 948 515 987 et
536 945 679 987 animo
699 945 924 1001 aquirendi
959 946 1046 1002 (sic)
1080 946 1351 990 nanciscendi
1381 951 1423 990 et
1452 949 1665 992 retinendi
1694 953 1994 1007 possessionem
2022 954 2153 1010 ipsius

207 1051 255 1079 ac
275 1036 537 1092 percipiendi
557 1036 722 1078 fructus
743 1036 936 1093 ejusdem
956 1037 1172 1093 libereque
1193 1038 1445 1095 disponendi
1472 1041 1525 1082 de
1546 1041 1704 1084 eisdem
1726 1076 1735 1085 .
1758 1044 1943 1100 exceptis
1964 1046 2152 1101 superius

206 1127 458 1183 expressatis
489 1161 498 1170 .
530 1128 807 1183 personaliter
836 1129 1023 1184 presenti
1051 1130 1330 1172 multitudine
1360 1131 1526 1187 copiosa
1555 1133 1624 1175 die
1654 1132 1809 1177 Martis
1839 1136 2031 1190 proximo
2062 1140 2157 1193 post

204 1218 363 1261 festum
383 1218 691 1274 purificationis
710 1219 833 1262 beate
853 1219 1015 1262 MARIE
1036 1220 1215 1276 virginis
1235 1221 1431 1265 videlicet
1457 1223 1635 1279 septimo
1656 1225 1726 1267 die
1755 1226 1911 1268 mensis
1931 1226 2153 1270 Februarii

205 1325 318 1353 anno
339 1310 503 1353 domini
522 1310 749 1353 millesimo
770 1318 896 1353 cccm0·
918 1314 1161 1354 Lxmmmw·
1189 1312 1274 1355 fuit
1304 1314 1519 1369 ingressus
1547 1316 1757 1371 pulsando
1778 1333 2002 1374 campanas
2021 1320 2153 1375 ipsius

203 1400 250 1443 in
271 1401 444 1457 signum
465 1405 588 1444 nacte
608 1402 877 1457 possessionis
897 1403 1067 1445 ecclesie
1095 1407 1326 1447 memorate
1346 1420 1393 1447 ac
1419 1405 1651 1449 oblationes
1671 1409 1829 1464 recepit
1858 1408 2016 1452 ibidem
2037 1414 2080 1453 et
2100 1412 2152 1454 de

205 1492 365 1534 eisdem
414 1493 624 1549 disposuit
663 1493 772 1536 sicut
810 1494 972 1549 placuit
1012 1494 1152 1538 eidem
1194 1528 1203 1537 .
1247 1498 1342 1543 Que
1383 1497 1526 1539 omnia
1564 1502 1691 1554 prout
1734 1500 1925 1555 superius
1965 1501 2151 1545 seriatim

203 1583 436 1626 recitantur
467 1587 510 1626 et
540 1584 782 1627 scribuntur
815 1585 930 1628 idem
969 1584 1099 1628 abbas
1133 1602 1208 1642 per
1247 1587 1411 1630 litteras
1445 1589 1693 1644 apostolicas
1726 1593 1767 1633 et
1799 1591 1902 1633 dicti
1933 1593 2152 1635 reverendi

204 1674 337 1730 patris
357 1675 522 1717 domini
541 1674 864 1718 LANDAVENSIS
885 1677 1071 1733 episcopi
1102 1693 1149 1720 ac
1169 1679 1254 1720 alia
1273 1679 1558 1722 instrumenta
1585 1696 1710 1737 super
1728 1682 1940 1738 premissis
1961 1683 2151 1726 confecta

205 1767 249 1808 et
268 1765 416 1808 habita
435 1781 600 1809 necnon
620 1782 695 1822 per
715 1769 842 1809 testes
862 1767 973 1810 viros
994 1768 1191 1812 videlicet
1211 1770 1449 1827 fidedignos
1477 1771 1524 1813 in
1553 1771 1747 1828 ingressu
1777 1772 1880 1814 dicti
1910 1772 2073 1816 abbatis
2103 1775 2149 1817 in

201 1856 419 1899 ecclesiam
450 1856 686 1912 predictam
721 1861 764 1900 et
799 1858 894 1901 aliis
929 1859 981 1901 de
1014 1859 1169 1915 quibus
1203 1861 1395 1916 superius
1427 1862 1476 1904 fit
1510 1862 1673 1905 mencio
1703 1869 1916 1918 presentes
1955 1863 2150 1920 probavit

197 1947 412 2003 legittime
434 1963 574 1991 coram
594 1947 716 1991 nobis
737 1952 779 1991 et
798 1949 845 1991 in
861 1949 1006 1992 debita
1024 1950 1134 2007 juris
1154 1951 1293 1994 forma
1315 1986 1323 1994 .
1347 1951 1404 1994 In
1425 1968 1606 2008 quorum
1635 1954 1926 1996 testimonium
1956 1955 2147 2010 sigillum

202 2041 395 2082 nostrum
414 2039 681 2095 presentibus
703 2042 766 2082 est
786 2056 1035 2097 appensum.

255 2130 420 2172 Datum
442 2133 485 2172 et
505 2133 648 2172 actum
667 2131 713 2172 in
734 2131 906 2174 ecclesia
925 2133 1157 2189 parochiali
1178 2135 1230 2177 de
1250 2134 1416 2177 AVENE
1438 2135 1587 2190 quinto
1608 2135 1677 2177 die
1707 2137 1862 2178 mensis
1891 2136 1922 2180 J
1924 2137 2015 2179 unii
2034 2153 2147 2180 anno

197 2221 360 2263 domini
381 2221 607 2264 millesimo
629 2228 755 2263 cccm0·
778 2224 970 2265 Lxxxvm·

254 2311 377 2354 Dark
393 2327 522 2368 green
538 2327 633 2354 wax
646 2312 869 2368 imperfect
890 2315 976 2357 seal
996 2315 1042 2358 of
1061 2316 1134 2358 the
1154 2316 1432 2359 Archdeacon
1453 2316 1499 2358 of
1519 2315 1781 2370 LLANDAFF,
1804 2318 1934 2361 about
1953 2318 2067 2370 Qin.
2086 2319 2145 2374 by

198 2403 312 2458 lssin.
345 2402 469 2445 when
499 2403 673 2458 perfect.
735 2403 919 2448 Pointed
950 2407 1057 2448 oval.
1120 2406 1212 2449 The
1244 2406 1298 2449 B.
1321 2406 1376 2450 V.
1414 2407 1555 2449 MARY
1590 2409 1676 2450 and
1707 2407 1833 2450 Child
1862 2409 1907 2450 in
1939 2424 1963 2450 a
1993 2410 2143 2452 carved

194 2494 318 2536 niche
338 2494 444 2536 with
463 2494 661 2536 trefoiled
685 2510 862 2551 canopy.
925 2496 981 2539 In
1001 2497 1074 2539 the
1094 2497 1205 2549 base,
1228 2498 1364 2540 under
1384 2513 1409 2539 a
1429 2499 1579 2540 carved
1600 2498 1712 2551 arch,
1735 2501 1820 2541 and
1840 2498 2028 2542 between
2058 2502 2143 2541 two

193 2585 345 2642 sprigs,
367 2585 441 2627 the
462 2584 741 2628 Archdeacon
763 2587 968 2644 kneeling
987 2588 1033 2630 in
1054 2588 1288 2631 adoration.

590 2679 1051 2721 ‘SIG......NIS
1083 2712 1747 2722 ................

626 2767 685 2796 See
700 2766 807 2806 Birch,
827 2767 927 2799 Catal.
942 2768 1078 2807 queals
1094 2769 1129 2799 in
1143 2769 1193 2799 tlte
1209 2769 1290 2799 Brit.
1306 2769 1397 2807 Mas„
1414 2769 1486 2800 Vol.
1502 2769 1539 2807 L,
1556 2769 1615 2799 No.
1633 2770 1717 2799 1897.
