2386 3645
1911 301 2022 343 1479

140 508 372 551 GILBERTO
402 507 560 550 DENYs
590 507 726 549 milite
759 540 767 548 .
800 506 829 549 J
832 521 1019 549 OHANNE
1061 508 1113 549 de
1152 506 1289 549 AUNE
1323 540 1331 549 .
1364 505 1394 548 J
1397 520 1584 548 οΗΑΝΝΕ
1624 507 1664 548 le
1699 506 1830 549 EYRE
1865 507 2034 562 juniore
2069 542 2075 548 .

139 599 170 643 J
172 614 359 642 OHANNE
380 599 671 641 MILLEWARD
695 632 703 640 .
726 597 757 640 J
759 612 947 640 OHANNE
969 598 1165 641 Hosmn
1190 632 1198 640 .
1222 600 1264 640 et
1284 596 1431 639 multis
1455 596 1560 638 aliis.

194 690 359 733 Dat-um
379 690 493 746 apud
514 689 708 732 Ool‘er?
728 689 775 731 in
794 688 954 731 festum
975 687 1120 730 Sancti
1148 686 1410 729 LAURENTII
1432 701 1544 729 anno
1564 686 1688 742 regni
1709 686 1843 743 Regis
1873 687 2076 731 HENmm

141 781 282 837 quinti
301 783 397 836 post
417 782 693 836 conquestum
712 779 855 822 tercio.

199 871 296 914 Seal
320 886 443 928 gone.

196 961 492 1005 Endorsed-—‘
508 960 786 1004 Brodelond.'
847 960 972 1003 Deed
991 960 1093 1015 poll.

1049 1266 1196 1309 MOX.

138 1375 537 1420 INSPEXIMUS
587 1374 722 1418 AND
774 1373 1258 1418 CONFIRMATION
1319 1372 1406 1416 BY
1465 1372 1596 1416 THE
1656 1372 2089 1416 AROHDEAGON

287 1467 422 1510 AND
504 1465 802 1510 OHAPTER
871 1465 950 1508 OF
1029 1465 1375 1508 LLANDAFF
1460 1464 1539 1507 OF
1616 1463 1747 1507 THE
1813 1463 2090 1506 BISHOP’S

288 1557 503 1601 GRANT
545 1556 622 1600 TO
669 1556 926 1599 THOMAS
978 1556 1181 1599 OOOKE
1224 1555 1302 1598 OF
1342 1554 1518 1598 LAND
1560 1553 1634 1598 IN
1684 1554 1814 1598 THE
1865 1554 2091 1598 MANOR

293 1649 371 1692 OF
415 1647 650 1692 LANKE.

941 1737 1157 1795 [FONMON
1189 1736 1308 1794 MS]

441 1846 545 1889 THE
575 1846 787 1888 MORRow
817 1860 871 1888 or
902 1844 971 1888 ST.
1005 1845 1161 1887 PETER
1191 1859 1283 1887 ΛΝΒ
1314 1844 1384 1888 ST.
1417 1844 1558 1887 PAUL.
1621 1845 1677 1886 30
1707 1844 1737 1887 J
1742 1859 1848 1886 UNE.
1911 1844 2036 1886 1417.

199 1956 424 1999 Universis
461 1955 615 1999 Sancte
651 1955 800 1997 matris
835 1955 1004 1997 ecclesie
1039 1955 1138 1997 filiis
1171 1955 1226 1997 ad
1257 1969 1439 2010 quorum
1475 1954 1679 1996 noticiam
1718 1956 1933 2010 presentes
1971 1953 2093 1995 litere

139 2048 409 2104 pervenerint
431 2047 752 2089 archidiaconus
772 2049 815 2089 et
835 2046 1072 2101 capitulum
1093 2046 1262 2088 ecclesie
1283 2045 1536 2088 cathedralis
1565 2044 1887 2088 LANDAVENSIS
1909 2044 2090 2087 salutem

140 2139 187 2181 in
207 2139 415 2182 Domino.

199 2229 417 2273 Noveritis
437 2244 514 2272 nos
526 2228 758 2285 inspexisse
779 2231 938 2270 cartam
959 2229 1180 2271 reverendi
1194 2229 1241 2270 in
1259 2227 1456 2270 Onmswo
1471 2228 1604 2284 patris
1618 2230 1660 2271 et
1681 2228 1844 2270 domini
1860 2227 1890 2271 J
1893 2241 2095 2270 OHANNIS

140 2320 225 2364 Dei
245 2320 388 2377 gracia
407 2319 728 2362 LANDAVENSIS
750 2319 934 2375 episcopi
955 2319 1001 2361 in
1021 2319 1099 2361 hec
1120 2318 1248 2361 verba
1266 2334 1336 2361 :—

286 2411 505 2454 Noveritis
533 2410 720 2453 universi
749 2426 824 2466 per
853 2413 1068 2466 presentes
1097 2425 1174 2452 nos
1204 2409 1234 2453 J
1236 2424 1462 2453 OHANNEM
1491 2410 1764 2466 permissione
1794 2410 1940 2452 divina
1969 2409 2092 2452 LAN-

228 2516 469 2545 DAVENSEM
499 2501 742 2558 episcopum
772 2502 935 2544 dedisse
972 2502 1218 2544 concessisse
1247 2504 1291 2544 et
1319 2501 1398 2544 hac
1436 2502 1622 2558 presenti
1652 2505 1795 2544 nostra
1826 2501 2092 2544 confirmasse

230 2593 398 2636 ΤΗΟΜΕ
420 2593 571 2636 ΟοοΚΕ
602 2597 785 2649 quatuor
814 2608 930 2636 acras
959 2595 1069 2635 terre
1088 2592 1135 2635 in
1156 2593 1344 2635 manerio
1364 2596 1507 2636 nostro
1529 2594 1581 2635 de
1608 2593 1776 2636 LANKE
1798 2608 1879 2648 que
1900 2592 2091 2635 solebant

231 2699 317 2727 esse
337 2685 390 2726 de
410 2684 622 2726 dominico
643 2687 786 2726 nostro
805 2683 995 2740 jacentes
1014 2684 1128 2726 inter
1147 2687 1280 2726 terras
1300 2684 1532 2726 dominicas
1552 2686 1717 2726 nostras
1737 2686 1779 2726 et
1799 2683 1913 2725 viam
1932 2683 2089 2724 dictam

230 2774 480 2817 THUCLEUE
512 2774 558 2816 in
588 2774 818 2817 latitudine
848 2777 889 2816 et
920 2774 1159 2816 extendunt
1189 2789 1232 2816 se
1262 2789 1287 2816 a
1315 2774 1556 2831 messuagio
1586 2775 1802 2830 quondam
1832 2773 1935 2815 Ama
1956 2773 2087 2815 RAYE

229 2879 363 2920 usque
392 2864 507 2907 viam
537 2865 695 2907 dictam
726 2864 1052 2907 OHERCHEWEY
1083 2865 1129 2907 in
1168 2865 1439 2921 longitudine
1471 2899 1480 2906 .
1512 2864 1575 2906 Et
1604 2867 1786 2920 quatuor
1815 2878 1931 2906 acras
1976 2863 2090 2919 prati

230 2970 411 3012 quorum
440 2970 528 2998 una
557 2969 653 2998 acra
687 2954 772 3013 [et]
808 2955 986 2998 dimidia
1005 2956 1118 3012 prati
1137 2955 1282 3012 jacent
1310 2956 1424 2998 inter
1453 2958 1624 3012 pratum
1653 2970 1789 3010 nuper
1818 2954 2088 2997 LLEWELINI

231 3045 440 3088 GIFFARD
480 3060 533 3088 ex
572 3048 692 3101 parte
731 3060 818 3088 una
857 3048 900 3088 et
934 3049 1106 3102 pratum
1135 3046 1165 3089 J
1167 3060 1367 3088 oHANNIS
1397 3045 1646 3088 HENWARD
1675 3045 1857 3101 junioris
1886 3059 1939 3087 ex
1969 3046 2088 3100 parte
