2386 3645
295 340 406 381 1400

236 546 478 590 WARWICK
511 546 599 590 filio
631 550 674 589 et
709 545 855 588 heredi
884 544 1050 587 ΤΗΟΜΕ
1091 544 1144 586 de
1180 542 1333 584 BELLo
1374 541 1532 585 CAMPo
1572 556 1707 597 nuper
1742 540 1906 582 comitis
1939 539 2182 583 WAnwmx

235 639 350 694 quod
385 640 492 680 esset
523 651 662 680 coram
698 636 869 679 domino
921 635 1042 691 Rege
1077 634 1131 676 ad
1171 633 1405 690 predictam
1438 632 1699 688 quindenam
1732 630 1877 674 Sancti
1926 631 2183 672 Mmrumas

234 728 476 784 ubicunque
515 733 618 770 tunc
657 727 767 770 foret
806 726 852 768 in
892 725 1078 768 ANGLIA
1119 725 1172 766 ad
1213 724 1524 766 ostendendum
1563 722 1826 765 audiendum
1858 720 2103 763 faciendum
2139 725 2183 762 et

232 820 522 876 recipiendum
572 819 685 874 quod
725 817 850 860 breve
900 816 1137 871 predictum
1178 814 1377 870 exigebat
1427 818 1469 856 et
1518 812 1757 868 requirebat
1808 826 1883 867 per
1922 811 1952 854 J
1954 825 2180 861 OHANNEM

234 910 529 953 BADDESHAW
552 943 561 952 .
585 909 614 952 J
616 922 840 951 OHANNEM
862 905 1165 949 LULLEWALL'
1191 938 1199 948 .
1222 905 1251 947 J
1254 919 1479 947 OHANNEM
1502 904 1545 947 N
1549 918 1804 946 EWCHURCH
1821 906 1863 945 et
1881 903 2182 946 wan-mma

237 1001 443 1044 Ronnox.
507 1001 594 1047 Qui
625 1000 797 1056 quidem
823 998 1012 1040 TnoMAs
1042 998 1095 1038 de
1121 996 1274 1038 BELLo
1300 995 1457 1038 CAMPo
1479 1010 1614 1038 comes
1636 995 1935 1038 WARREWICK
1956 994 2070 1036 filius
2090 997 2184 1049 post

235 1092 598 1148 premunicionem
629 1090 669 1133 ei
700 1090 745 1131 in
777 1089 856 1131 hac
883 1090 1002 1144 parte
1034 1087 1194 1129 factam
1217 1101 1291 1142 per
1322 1085 1512 1128 {Paomis
1545 1085 1724 1128 Comma
1760 1088 2022 1127 attornatum
2058 1099 2183 1126 suum

235 1183 364 1226 venit.
429 1182 490 1224 Et
519 1182 735 1237 predictus
767 1179 957 1222 THOMAS
986 1180 1038 1220 de
1064 1178 1293 1220 Moossnm
1327 1192 1464 1220 comes
1497 1177 1783 1220 NOTINGHAM
1811 1176 1914 1219 dicit
1947 1177 2060 1232 quod
2092 1176 2182 1232 ipse

234 1277 298 1316 est
318 1272 656 1329 consanguineus
677 1275 719 1313 et
739 1271 858 1313 heres
878 1269 1057 1325 predicti
1078 1268 1310 1311 JOHANNIS
1332 1268 1383 1309 de
1405 1267 1636 1309 MoUBRAY
1651 1268 1703 1309 de
1716 1267 1968 1309 AXIHOLME
1986 1266 2182 1308 videlicet

235 1365 348 1407 filius
381 1364 612 1406 JOHANNIS
637 1362 716 1404 filii
750 1360 929 1417 predicti
961 1359 1193 1403 JOHANNIS
1225 1360 1277 1401 de
1313 1358 1542 1401 MOUBRAY
1575 1359 1628 1400 de
1660 1358 1925 1400 AX1HOLME.
1987 1357 2048 1400 Et
2080 1357 2183 1400 dicit

232 1455 346 1511 quod
385 1455 431 1496 in
463 1454 634 1497 recordo
669 1455 712 1495 et
744 1466 938 1508 processu
969 1450 1171 1506 predictis
1206 1464 1253 1492 ac
1293 1449 1426 1492 eciam
1466 1449 1512 1491 in
1548 1449 1788 1491 reddicione
1817 1448 1970 1503 judicii
2004 1448 2183 1504 predicti

232 1545 512 1588 diversimode
556 1546 742 1586 erratum
770 1546 832 1585 est
862 1543 908 1584 in
940 1542 1019 1584 hoc
1043 1541 1240 1584 videlicet
1274 1541 1388 1596 quod
1420 1539 1494 1583 ubi
1530 1539 1721 1582 THOMAS
1754 1540 1806 1582 de
1839 1539 1993 1582 BELLo
2026 1540 2183 1583 CAMPO

236 1652 373 1680 comes
393 1637 445 1678 de
467 1635 711 1680 WAwaoK
744 1636 910 1677 secutus
942 1633 1029 1675 fuit
1056 1632 1181 1675 breve
1210 1633 1262 1674 de
1287 1635 1399 1674 recto
1430 1645 1575 1674 versus
1604 1631 1821 1687 prefatum
1850 1631 1880 1674 J
1883 1645 2107 1673 OHANNEM
2132 1632 2185 1675 de

235 1727 464 1770 MoUBRAY
486 1728 539 1770 de
559 1726 813 1769 AxffloLME
834 1725 887 1768 de
907 1727 1041 1767 castro
1062 1724 1114 1767 de
1136 1723 1413 1766 SWEYNESEY
1435 1725 1477 1764 et
1497 1724 1609 1764 terra
1629 1723 1682 1765 de
1705 1721 1878 1765 GrowER
1911 1722 1957 1764 in
1988 1722 2185 1766 'WALLIA

231 1822 527 1862 retournatum
548 1818 664 1874 apud
684 1816 1151 1861 WESTMONASTERIUM
1173 1829 1314 1858 coram
1333 1813 1580 1871 justiciariis
1602 1813 1765 1856 domini
1792 1813 2019 1856 EDWARm
2047 1829 2185 1870 nuper

233 1910 366 1966 Regis
386 1910 570 1951 ANGLIE
596 1908 664 1951 avi
695 1908 857 1951 domini
890 1907 1024 1963 Regis
1054 1922 1169 1949 nunc
1213 1907 1266 1949 de
1296 1905 1430 1949 banco
1474 1905 1520 1947 in
1557 1905 1738 1947 crastino
1775 1904 1921 1947 Sancti
1952 1904 1982 1947 J
1985 1919 2184 1948 OHANNIS

230 2000 457 2044 BAPTts'rE
496 2014 608 2042 anno
644 1999 769 2055 regni
799 1999 865 2041 sui
892 2000 1043 2040 xvaw·
1073 2001 1200 2054 prout
1220 1997 1388 2053 plenius
1408 1999 1527 2052 patet
1547 1996 1593 2038 in
1613 1997 1784 2038 recordo
1807 1998 1849 2038 et
1869 2011 2063 2052 processu
2082 1996 2184 2039 inde

231 2092 388 2134 habitis
420 2091 493 2134 Ad
530 2105 657 2147 quem
687 2090 801 2133 diem
833 2093 974 2146 partes
1005 2089 1193 2146 predicte
1226 2104 1312 2131 non
1338 2092 1666 2143 comparuerunt
1701 2102 1778 2130 nec
1810 2102 1885 2144 per
1917 2091 2182 2131 attornatum

232 2198 308 2225 nec
328 2182 374 2224 in
395 2181 575 2238 propriis
595 2181 784 2237 personis
805 2196 882 2223 nec
903 2181 1077 2236 aliquod
1098 2179 1310 2222 essonium
1331 2194 1406 2235 pro
1428 2179 1487 2221 eis
1512 2178 1809 2234 adjudicatum
1840 2178 1925 2221 fuit
1950 2180 2184 2222 secundum

230 2273 414 2316 formam
452 2272 560 2328 legis
588 2276 629 2314 et
658 2272 1008 2314 consuetudinem
1040 2271 1225 2314 ANGLOE
1262 2273 1304 2313 et
1339 2270 1396 2312 sic
1431 2270 1671 2326 predictum
1705 2269 1831 2312 breve
1864 2270 1917 2312 de
1949 2272 2062 2312 recto
2099 2270 2182 2312 dis-

232 2364 529 2407 continuatum
578 2363 735 2406 extitit.
816 2362 878 2405 Et
923 2363 969 2405 in
1009 2363 1087 2405 hoo
1128 2363 1241 2418 quod
1280 2361 1506 2418 justiciarii
1546 2360 1850 2416 adjudicarunt
1891 2360 2088 2403 seisinam
2129 2361 2180 2403 de

232 2454 431 2511 predictis
451 2453 705 2496 tenementis
733 2455 895 2509 prefato
926 2469 1062 2509 nuper
1087 2453 1232 2496 comiti
1261 2467 1386 2508 super
1416 2452 1604 2507 predicto
1631 2451 1750 2495 brevi
1779 2451 1836 2494 sic
1868 2452 2182 2495 discontinuato

236 2545 317 2601 ipsi
339 2548 599 2586 erraverunt.

296 2637 339 2682 (l
372 2634 486 2678 Item
506 2634 581 2678 ubi
602 2635 815 2690 predictus
835 2650 972 2677 comes
992 2650 1117 2691 super
1137 2634 1326 2690 predicto
1340 2633 1458 2676 brevi
1479 2634 1532 2676 de
1553 2637 1666 2676 recto
1688 2633 1878 2675 narravit
1899 2648 2025 2689 super
2038 2633 2191 2675 seisina

241 2727 464 2783 cujusdam
498 2725 744 2769 WILLELMI
767 2726 1028 2769 nominando
1058 2726 1199 2781 ipsum
1230 2724 1532 2768 WILLELMUM
1563 2727 1868 2767 antecessorem
1897 2724 2030 2779 ipsius
2053 2739 2190 2780 nuper

240 2815 404 2861 comitis
424 2832 510 2859 non
532 2818 674 2859 dando
696 2817 833 2860 eidem
862 2816 1120 2861 WILLELMO
1151 2816 1324 2872 aliquod
1354 2830 1589 2871 cognomen
1620 2815 1665 2857 in
1697 2819 1809 2857 certo
1840 2819 1882 2858 et
1912 2815 1970 2857 sic
1999 2814 2189 2857 narracio

241 2908 374 2965 ipsius
404 2923 540 2964 nuper
580 2908 745 2951 comitis
785 2923 911 2964 super
939 2907 1058 2951 brevi
1097 2908 1285 2963 predicto
1315 2907 1573 2950 insufficiens
1603 2906 1747 2949 extitit
1777 2910 1819 2948 et
1848 2921 1924 2962 per
1953 2906 2190 2962 predictum

239 3001 269 3045 J
272 3016 496 3044 OHANNEM
518 3002 569 3044 de
601 3001 829 3043 MOUBRAY
860 3002 1018 3044 adtunc
1048 3000 1337 3056 calumpniata
1368 3001 1494 3055 prout
1524 3000 1642 3053 patet
1671 3012 1746 3052 per
1775 2997 1997 3038 recordum
2027 2996 2188 3052 predic-

240 3096 335 3134 tum
357 3095 398 3134 et
419 3107 467 3134 eo
488 3107 574 3134 non
596 3091 790 3135 obstante
811 3091 990 3148 predicti
1009 3091 1242 3147 justiciarii*
1266 3089 1571 3146 adjudicarunt
1602 3087 1818 3143 prefatum
1849 3086 1879 3130 J
1883 3100 2107 3128 OHANNEM
2138 3086 2191 3128 de
