2386 3645
1852 274 1963 315 1207

868 491 1231 535 DGCGGLXIV.

79 608 294 653 ROYAL
344 607 726 651 COMMISSION
772 607 848 650 ΤΟ
899 606 1149 650 SEAROH
1199 607 1322 650 FOR
1371 606 1535 650 KING
1583 607 1865 652 EDWARD
1919 599 2021 653 II.’s

407 697 738 741 PERSONAL
786 697 1120 741 PROPERTY
1160 697 1233 740 IN
1283 697 1692 741 GLAMORGAN.

556 805 708 863 [er.
742 805 874 857 Mus„
906 805 1023 848 Am).
1057 804 1151 848 MS.
1184 806 1312 856 4507,
1343 805 1417 847 fol.
1451 805 1544 862 30.]

1126 913 1181 954 20
1212 913 1375 955 Apssu„
1439 914 1492 954 10
1523 913 1652 955 Enw.
1686 911 1776 954 ΠΙ.
1842 915 1964 956 1336.

136 1021 204 1064 De
242 1021 498 1076 inquirendo
549 1022 602 1063 de
642 1021 851 1064 thesauris
891 1021 1024 1077 patris
1065 1021 1200 1078 Regis
1238 1022 1285 1063 iu
1325 1020 1526 1064 Partibus
1566 1021 1618 1062 de
1660 1019 1946 1064 GLAMORGAN
1987 1028 2029 1066 et

78 1112 376 1155 MORGANNOK
397 1112 633 1167 asportatis.

138 1203 235 1245 Rex
255 1203 420 1245 dilectis
440 1205 482 1245 et
503 1202 699 1245 fidelibus
720 1203 805 1244 suis
829 1202 1169 1244 HILDEBRANDO
1190 1203 1241 1245 de
1270 1202 1512 1246 Losnoxm
1532 1204 1562 1247 J
1564 1219 1740 1246 OHANm
1764 1205 1816 1246 de
1844 1203 2028 1247 Tssmsa

80 1296 124 1336 et
142 1293 403 1337 WILLELMO
424 1295 477 1336 de
497 1293 766 1336 TYDELSYDE
787 1294 982 1336 salutem.

138 1371 290 1428 Sciatis
310 1387 424 1441 quod
441 1385 750 1441 assignavimus
764 1401 836 1428 vos
853 1388 894 1428 et
915 1386 1020 1428 duos
1034 1392 1222 1428 vestrum
1238 1387 1294 1429 ad
1309 1386 1615 1442 inquirendum
1631 1402 1705 1443 per
1720 1390 2031 1430 sacramentum

79 1476 308 1533 proborum
336 1479 379 1518 et
405 1476 611 1532 legalium
642 1476 865 1518 hominum
894 1477 945 1518 de
973 1476 1165 1532 partibus
1196 1478 1249 1520 de
1279 1477 1566 1520 GLAMORGAN
1592 1481 1634 1520 et
1659 1478 1959 1520 MORGANNOK
1985 1479 2031 1521 in

81 1567 278 1612 WALLIA
298 1570 388 1610 tam
418 1567 533 1609 infra
562 1567 780 1610 libertates
811 1583 940 1623 quam
971 1571 1090 1610 extra
1120 1583 1195 1624 per
1225 1583 1329 1623 quos
1359 1572 1436 1611 etc.
1461 1573 1502 1611 et
1534 1570 1588 1611 ad
1618 1569 1939 1612 informandum
1960 1584 2033 1612 vos

81 1658 218 1701 modis
251 1661 293 1701 et
332 1658 412 1700 viis
448 1657 601 1714 quibus
634 1659 786 1701 melius
822 1659 1014 1714 poteritis
1045 1660 1279 1701 secundum
1315 1660 1666 1702 consuetudinem
1706 1660 1896 1716 parcium
1937 1675 2031 1715 pre-

81 1750 293 1792 dictarum
318 1749 393 1805 qui
419 1749 712 1792 malefactores
740 1752 783 1791 et
806 1750 920 1806 pacis
949 1754 1103 1792 nostrae
1134 1750 1448 1806 perturbatores
1474 1751 1661 1793 diversos
1681 1750 1900 1793 thesauros
1919 1750 2031 1794 bona

79 1843 124 1883 et
153 1840 306 1883 catalla
335 1840 498 1882 domini
531 1839 757 1882 EnwARm
793 1856 930 1896 nuper
966 1841 1100 1897 Regis
1134 1841 1331 1883 ANGmAE
1366 1841 1501 1897 patris
1536 1841 1671 1884 nostri
1705 1844 1755 1884 ut
1784 1842 1830 1883 in
1861 1842 2029 1884 florenis

82 1931 266 1974 denariis
296 1931 530 1973 numeratis
560 1931 670 1973 vasis
705 1931 844 1973 aureis
875 1935 917 1973 et
950 1932 1164 1988 argenteis
1195 1932 1404 1988 jocalibus
1439 1932 1666 1974 armaturis
1701 1932 1954 1975 victualibus
1989 1938 2032 1975 et

82 2023 177 2066 aliis
207 2022 333 2065 rebus
365 2023 420 2065 ad
454 2022 688 2065 valentiam
723 2007 948 2079 sexaginta
980 2023 1148 2065 milium
1178 2022 1384 2066 librarum
1417 2039 1512 2080 quae
1542 2025 1597 2066 ad.
1632 2039 1707 2066 nos
1737 2024 1953 2080 pertinent
1983 2024 2029 2067 in

80 2114 273 2171 partibus
299 2113 514 2170 praedictis
541 2128 677 2169 nuper
701 2113 877 2156 inventa
906 2119 1107 2170 ceperunt
1138 2118 1460 2170 asportaverunt
1492 2118 1535 2157 et
1563 2115 1874 2172 elongaverunt
1903 2119 1945 2158 et
1974 2117 2031 2158 ad

82 2220 263 2261 quorum
287 2205 355 2247 vel
382 2204 506 2261 cujus
532 2220 685 2247 manus
713 2206 975 2248 devenerunt
997 2208 1039 2247 et
1061 2205 1244 2261 qualiter
1273 2209 1315 2248 et
1347 2221 1430 2262 quo
1458 2207 1583 2248 modo
1614 2209 1656 2248 et
1686 2206 1731 2248 in
1761 2221 1940 2262 quorum
1963 2207 2029 2249 vel

82 2295 204 2351 cujus
223 2295 421 2338 manibus
442 2301 484 2338 et
503 2295 579 2338 ubi
598 2311 712 2338 nunc
734 2296 920 2338 existant
941 2300 982 2338 et
1004 2297 1057 2339 de
1088 2296 1285 2339 omnibus
1313 2296 1406 2338 aliis
1427 2297 1617 2339 articulis
1637 2301 1679 2340 et
1700 2297 2029 2340 circumstanciis

77 2387 296 2444 praemissa
326 2387 689 2442 qualitercumque
720 2387 1068 2443 contingentibus
1097 2387 1266 2444 plenius
1286 2388 1510 2430 veritatem
1539 2393 1580 2430 et
1611 2389 1666 2430 ad
1689 2387 1908 2431 thesauros
1929 2403 2027 2430 vasa

79 2478 233 2534 jocalia
252 2481 489 2520 armaturas
510 2481 552 2520 et
573 2478 657 2520 alia
676 2477 789 2520 bona
809 2481 852 2521 et
880 2478 1034 2521 catalla
1053 2479 1258 2535 praedicta
1285 2477 1528 2534 ubicunque
1549 2482 1591 2521 et
1610 2479 1656 2520 in
1678 2494 2028 2535 quorumcunque

75 2568 274 2611 manibus
294 2583 344 2610 ea
373 2568 556 2611 inveniri
578 2569 804 2625 contigerit
825 2570 912 2612 sive
932 2569 1048 2611 infra
1077 2569 1296 2612 libertates
1315 2569 1403 2612 sive
1424 2573 1545 2612 extra
1565 2569 1611 2612 in
1631 2585 1808 2612 manum
1837 2573 2025 2613 nostram

81 2659 288 2701 seisienda
317 2662 361 2701 et
390 2659 506 2702 salvo
538 2664 581 2702 et
613 2675 756 2703 secure
787 2660 989 2702 custodiri
1021 2660 1217 2703 facienda
1248 2661 1381 2703 donec
1413 2660 1532 2702 aliud
1561 2661 1662 2703 inde
1693 2661 2026 2716 praeceperimus.

84 2749 145 2791 Et
163 2750 258 2792 ideo
278 2750 397 2793 vobis
417 2751 671 2793 mandamus
691 2752 806 2807 quod.
827 2752 882 2794 ad
909 2756 1043 2794 certos
1063 2752 1153 2794 dies
1174 2754 1217 2794 et
1236 2752 1328 2794 loca
1348 2767 1452 2807 quos
1473 2766 1546 2794 vos
1566 2751 1634 2794 vel
1655 2752 1738 2793 duo
1759 2754 1947 2794 vestrum
1976 2752 2032 2794 ad

82 2840 162 2882 hoc
180 2841 448 2896 provideritis
467 2842 786 2897 inquisitionem
808 2843 928 2885 illam
948 2858 1114 2886 necnon
1134 2843 1351 2899 praemissa
1372 2842 1515 2886 omnia
1536 2846 1579 2884 et
1608 2842 1779 2898 singula
1807 2845 1898 2884 tam
1917 2842 2032 2884 infra

83 2929 300 2973 libertates
320 2947 450 2986 quam
471 2935 591 2974 extra
612 2932 790 2975 faciatis.
852 2933 913 2975 Et
934 2933 1256 2989 inquisitionem
1286 2933 1406 2975 illam
1428 2933 1626 2976 distincte
1647 2936 1689 2975 et
1710 2936 1854 2988 aperte
1874 2932 2034 2976 factam

85 3020 207 3064 nobis
235 3021 282 3063 in
303 3022 597 3065 cancellariam
627 3027 817 3065 nostram
838 3023 915 3066 sub
947 3024 1100 3080 sigillis
1120 3024 1270 3066 vestris
1300 3028 1342 3066 et
1365 3024 1519 3080 sigillis
1539 3038 1687 3066 eorum
1707 3038 1782 3080 per
1798 3038 1902 3079 quos
1921 3022 2037 3066 facta
