2386 3645
337 292 450 334 1210

280 499 508 555 procreatis
542 512 677 540 unum
712 495 999 553 messuagium
1034 497 1076 537 et
1108 510 1181 537 sex
1215 509 1331 537 acras
1363 495 1472 536 terre
1513 508 1609 536 cum
1643 492 1916 549 pertinenciis
1954 492 2000 535 in
2040 492 2225 536 LANDE-

282 589 501 631 STEPHAN’
530 589 647 644 quod
677 587 850 643 quidem
879 585 1166 642 messuagium
1197 599 1293 627 cum
1314 584 1499 640 quadam
1528 583 1663 626 crofta
1693 583 1914 640 adjacente
1944 583 2088 640 jacent
2113 584 2226 627 inter

282 679 571 737 messuagium
591 678 841 723 WILLELMI
863 677 1179 719 FFRENEGAUD
1200 676 1246 718 in
1267 678 1387 731 parte
1406 674 1567 718 boreali
1588 678 1629 716 et
1660 674 1947 730 messuagium
1977 674 2228 718 anmm

282 770 436 813 FFORT
456 769 637 827 junioris
656 769 702 811 iu
722 771 842 825 parte
862 768 1037 810 australi
1057 770 1099 809 et
1120 768 1202 809 due
1224 781 1317 808 acre
1338 765 1448 808 dicte
1477 767 1587 807 terre
1616 764 1761 820 jacent
1789 766 1905 820 apud
1935 764 2226 807 CASTELMEN-

282 876 403 903 wmn
435 861 547 903 inter
581 863 738 903 terram
769 859 932 902 domini
963 858 1213 902 WILLELMI
1251 856 1478 898 GAMMULE
1513 855 1559 897 in
1597 857 1718 910 parte
1753 854 1949 897 orientali
1989 858 2029 896 et
2069 858 2227 899 terram
2243 889 2260 914 χ

281 950 311 995 J
314 965 513 993 OHANNIS
543 950 796 992 PETmsroN
827 948 873 990 in
905 951 1025 1004 parte
1060 946 1310 990 occidentali
1343 979 1351 988 .
1390 948 1432 988 et
1460 960 1512 987 1J.
1542 960 1635 987 acre
1663 960 1760 987 cum
1788 944 1967 987 dimidia
1994 947 2036 987 et
2066 960 2095 988 1.
2123 947 2228 989 roda

282 1042 393 1086 dicte
413 1045 522 1085 terre
536 1040 681 1097 jacent
701 1055 826 1096 super
845 1039 885 1082 le
906 1039 1038 1081 DoNE
1051 1038 1163 1080 inter
1183 1040 1341 1079 terram
1357 1035 1459 1079 dicti
1480 1035 1643 1078 domini
1660 1035 1909 1080 WILLELMI
1926 1037 1978 1078 de
2001 1035 2229 1079 CAMMULE

281 1133 328 1175 in
347 1135 467 1188 parte
488 1130 684 1174 orientali
705 1129 953 1173 occidentali
973 1127 1124 1171 boriali
1145 1130 1188 1169 et
1216 1126 1394 1169 australi
1426 1161 1433 1169 .
1468 1129 1511 1168 et
1541 1127 1724 1182 quedam
1754 1126 1839 1168 alia
1868 1141 1964 1169 acra
1988 1127 2099 1170 dicte
2118 1130 2230 1170 terre

280 1224 393 1281 jacet
413 1225 528 1280 apud.
548 1222 900 1265 SEYNTYSHYLLE
921 1220 1033 1262 inter
1053 1224 1208 1261 terram
1231 1217 1458 1261 WALTERI
1486 1217 1710 1260 RANDALF
1738 1217 1784 1260 in
1811 1221 1931 1274 parte
1961 1219 2158 1262 orientali
2187 1222 2231 1262 et

279 1318 437 1357 terram
466 1313 616 1370 prioris
643 1314 696 1355 de
725 1308 1105 1366 KERMARTH[EN]
1140 1309 1186 1351 in
1216 1310 1336 1364 parte
1367 1307 1617 1351 occidentali
1648 1308 1756 1351 sicut
1775 1324 1850 1365 per
1870 1311 2003 1352 certas
2022 1312 2156 1352 metas
2186 1313 2229 1353 et

278 1405 446 1449 bundas
465 1403 607 1461 e[j]us
626 1402 899 1459 assignantur
915 1402 958 1443 et
977 1398 1340 1456 perambulantur·
1392 1398 1658 1441 Habendum
1674 1401 1716 1442 et
1735 1401 1970 1442 tenendum
1990 1400 2228 1456 predictum

277 1495 566 1551 messuagium
595 1496 637 1537 et
668 1496 826 1536 terram
855 1491 1091 1548 predictam
1123 1505 1219 1533 cum
1246 1490 1519 1546 pertinenciis
1551 1489 1740 1545 predicto
1772 1490 1944 1534 domino
1974 1491 2188 1534 RoBERTo
2217 1525 2226 1533 .

275 1586 498 1629 ISABELLE
529 1587 572 1628 et
601 1599 747 1627 eorum
776 1582 1003 1626 heredibus
1033 1583 1086 1624 de
1116 1581 1359 1638 corporibus
1390 1581 1475 1624 suis
1515 1581 1708 1637 legitime
1740 1580 1994 1624 exeuntibus
2023 1580 2154 1624 libere
2185 1584 2228 1624 et

274 1678 416 1734 quiete
442 1676 549 1720 bene
581 1679 623 1718 et
662 1676 709 1717 in
744 1689 845 1731 pace
873 1673 970 1729 jure
1003 1673 1259 1715 hereditario
1289 1672 1604 1728 imperpetuum
1636 1705 1645 1714 .
1678 1672 1731 1714 de
1759 1671 2011 1727 capitalibus
2041 1672 2224 1715 dominis

275 1768 391 1812 feodi
411 1768 526 1810 illius
546 1782 621 1823 per
641 1765 816 1809 servicia
835 1765 936 1807 inde
957 1763 1101 1807 debita
1122 1769 1164 1806 et
1183 1765 1236 1806 de
1255 1763 1352 1820 jure
1374 1766 1584 1806 consueta.
1648 1762 1710 1804 Et
1728 1763 1764 1805 si
1782 1763 1964 1819 predicti
1986 1763 2227 1806 Rommws

275 1863 320 1904 et
339 1859 560 1902 IsABELLA
582 1858 672 1901 sine
698 1857 852 1900 herede
872 1857 985 1898 inter
1013 1871 1082 1898 eos
1109 1856 1162 1897 de
1189 1854 1432 1911 corporibus
1463 1854 1549 1897 suis
1578 1854 1770 1910 legitime
1799 1856 2016 1910 procreato
2046 1853 2229 1897 obierint

276 1951 391 2008 quod
420 1949 530 1992 absit
570 1949 684 2004 quod
723 1947 961 2004 predictum
999 1946 1288 2002 messuagium
1327 1948 1370 1988 et
1409 1948 1567 1988 terram
1605 1945 1795 2001 predicta
1835 1959 1932 1987 cum
1962 1944 2232 2000 pertinentiis

275 2043 526 2086 remaneant
545 2040 757 2083 JOHANM
778 2039 830 2081 de
851 2038 1033 2080 PENREs
1063 2037 1151 2079 filio
1181 2037 1285 2080 dicti
1315 2037 1477 2079 domini
1508 2037 1714 2079 Rossmm
1745 2039 1787 2078 et
1818 2035 1982 2078 BURGE
2013 2036 2231 2091 quondam

276 2132 421 2176 uxoris
441 2131 545 2175 dicti
566 2128 730 2174 domini
751 2130 957 2172 RoBERn
979 2131 1021 2171 et
1049 2127 1275 2171 heredibus
1305 2128 1392 2170 suis
1421 2127 1618 2170 masculis
1648 2128 1701 2169 de
1732 2141 1903 2182 corpore
1932 2141 2006 2169 suo
2036 2126 2230 2183 legitime

274 2223 514 2281 procreatis.
575 2221 637 2264 Et
667 2221 702 2264 si
732 2221 870 2263 dictus
899 2220 929 2263 J
931 2234 1142 2262 OHANNES
1172 2219 1262 2262 sine
1292 2219 1446 2261 herede
1475 2218 1662 2261 masculo
1693 2218 1745 2260 de
1776 2232 1946 2273 corpore
1976 2232 2051 2260 suo
2078 2217 2231 2260 obierit

284 2315 399 2372 quod
419 2313 529 2357 absit
549 2314 664 2369 quod
683 2315 787 2355 tunc
807 2312 1045 2369 predictum
1075 2311 1365 2367 messuagium
1398 2312 1440 2353 et
1467 2312 1581 2352 terra
1612 2309 1801 2366 predicta
1842 2323 1939 2351 cum
1965 2308 2235 2365 pertinentiis

278 2406 528 2448 remaneant
549 2404 755 2446 RmARno
776 2403 828 2444 de
849 2401 1032 2444 PENREs
1053 2404 1096 2444 et
1115 2400 1342 2443 heredibus
1363 2401 1449 2444 suis
1463 2400 1660 2443 masculis
1681 2401 1733 2443 de
1754 2415 1923 2456 corpore
1945 2414 2020 2442 suo
2040 2399 2232 2455 legitime

281 2495 520 2553 procreatis.
581 2494 643 2536 Et
663 2494 698 2536 si
720 2493 857 2536 dictus
877 2493 1109 2535 RmARDus
1130 2493 1182 2534 de
1203 2491 1387 2534 PENRES
1408 2491 1498 2534 sine
1528 2490 1754 2534 heredibus
1773 2490 1969 2532 masculis
1990 2491 2042 2532 de
2064 2504 2235 2546 corpore

282 2603 357 2631 suo
384 2587 576 2644 legitime
603 2584 831 2641 procreatis
861 2584 1013 2626 obierit
1045 2583 1159 2639 quod
1189 2582 1300 2626 absit
1324 2584 1439 2639 quod
1468 2582 1707 2639 predictum
1734 2581 2022 2637 messuagium
2050 2583 2092 2623 et
2122 2583 2235 2623 terra

282 2679 472 2736 predicta
504 2692 600 2719 cum
634 2675 903 2732 pertinentiis
937 2676 1187 2717 remaneant
1221 2674 1251 2717 J
1253 2689 1431 2717 OHANNI
1472 2675 1525 2717 de
1561 2673 1743 2716 PENREs
1777 2672 1901 2715 fratri
1934 2672 2038 2714 dicti
2072 2671 2237 2714 domini

285 2770 491 2814 Rossssm
521 2770 564 2810 et
597 2766 824 2809 heredibus
859 2765 945 2808 suis
976 2766 1175 2808 masculis
1207 2766 1259 2807 de
1292 2781 1324 2808 c.
1359 2780 1389 2808 s.
1427 2766 1455 2807 1.
1490 2780 1531 2821 p.
1591 2764 1654 2806 Et
1688 2764 1723 2806 si
1750 2763 1888 2806 dictus
1914 2762 2156 2806 JOHANNES
2183 2762 2237 2805 de

286 2861 470 2904 PENRES
490 2858 580 2901 sine
598 2857 640 2900 h.
656 2872 712 2899 m.
731 2857 784 2899 de
797 2871 830 2898 c.
849 2870 879 2898 s,
898 2857 925 2898 l.
943 2871 983 2912 p.
1003 2855 1154 2898 obierit
1174 2857 1289 2911 quod.
1309 2854 1419 2898 absit
1440 2856 1554 2911 quod
1569 2858 1672 2898 tunc
1691 2854 1929 2911 predictum
1948 2853 2237 2910 messuagium

288 2955 332 2996 et
351 2954 464 2994 terra
482 2949 673 3005 predicta
693 2962 789 2990 cum
809 2947 1082 3003 pertinenciis
1108 2950 1358 2990 remaneant
1377 2946 1603 2990 heredibus
1634 2949 1677 2989 et
1704 2945 1930 3002 assignatis
1950 2944 2054 2987 dicti
2073 2944 2238 2988 domini

289 3044 493 3087 Ronmvn
515 3040 568 3083 de
588 3039 770 3082 PENREs
782 3039 1096 3095 inperpetuum.
1147 3038 1209 3081 Et
1229 3053 1308 3095 ego
1328 3038 1544 3094 predictus
1559 3037 1791 3080 RICARnus
1804 3035 1994 3079 Tuoms
2009 3037 2052 3078 et
2063 3034 2239 3078 heredes
