2386 3645
1957 269 2067 312 1419

188 468 306 524 (IV.)
371 469 581 512 Omnibus
618 468 806 512 CHRISTI
842 469 1039 512 fidelibus
1079 471 1135 512 ad
1175 485 1279 526 quos
1319 485 1488 526 presens
1537 472 1739 528 scriptum
1787 475 2024 530 pervenerit
2056 509 2065 518 .

127 559 386 604 GILBERTUS
407 562 460 604 de
481 560 636 604 CLARE
658 575 795 603 comes
812 559 1122 603 GLOUCESTRIE
1143 563 1186 602 et
1207 560 1510 603 HERTFORDIE
1532 561 1711 606 salutem
1731 563 1776 606 in
1796 565 1979 609 domino.

184 659 336 703 Sciatis
357 661 472 716 quod
492 660 689 703 volumus
714 662 756 702 et
786 658 1055 702 concedimus
1074 674 1150 716 pro
1179 659 1302 702 nobis
1331 663 1374 702 et
1403 660 1628 704 heredibus
1657 662 1811 705 nostris
1840 664 1952 719 quod
1982 679 2068 707 una

124 750 229 793 feria
250 750 305 793 sit
323 751 370 792 in
390 749 528 807 burgo
548 752 691 793 nostro
713 750 766 793 de
788 749 835 793 N
837 764 958 792 ΕΕΤΗ
980 749 1162 807 singulis
1189 750 1313 793 annis
1342 765 1418 806 per
1446 754 1532 794 tres
1561 751 1652 793 dies
1681 738 1840 795 ibidem
1869 754 2070 797 duratura

125 841 282 884 scilicet
302 841 348 884 in
369 841 519 898 vigilia
539 841 586 883 in
607 841 676 884 die
696 843 740 884 et
759 840 805 883 in
826 841 1009 883 crastino
1031 840 1184 884 Sancte
1221 841 1510 884 MARGARETE
1530 842 1722 898 virginis.
1783 842 1839 886 In
1868 843 1989 901 cujus
2009 845 2070 888 rei

122 931 414 975 testimonium
433 931 620 988 presenti
640 930 794 987 scripto
815 930 1008 988 sigillum
1027 934 1220 975 nostrum
1241 932 1416 975 fecimus
1435 933 1605 989 apponi.

183 1040 349 1083 Datum
369 1041 485 1096 apud
505 1040 711 1083 MARGAN
734 1040 897 1084 decimo
918 1043 1036 1083 sexto
1058 1040 1127 1083 die
1148 1039 1314 1096 Aprilis
1334 1055 1446 1083 anno
1467 1041 1631 1083 domini
1654 1041 1777 1084 1280.

188 1147 289 1203 (II.)
353 1147 628 1204 Inspeximus
658 1147 832 1204 insuper
861 1148 1078 1204 quandam
1109 1150 1269 1191 cartam
1299 1148 1461 1191 domini
1492 1147 1706 1191 Hmoms
1735 1149 1775 1191 le
1805 1149 2074 1191 DESPENSER

125 1239 326 1282 avunculi
346 1239 480 1282 nostri
500 1254 638 1295 nuper
658 1239 822 1282 domini
845 1237 1205 1282 GLAMORGANCIE
1227 1239 1273 1281 in
1294 1239 1371 1281 hec
1390 1238 1518 1282 verba
1528 1255 1599 1282 :—

187 1346 279 1402 (V.)
343 1345 495 1390 Sciatis
524 1348 739 1402 presentes
777 1348 821 1389 et
861 1346 998 1389 futuri
1046 1347 1159 1402 quod
1199 1360 1275 1389 nos
1314 1346 1455 1389 Hneo
1494 1347 1534 1390 le
1575 1347 1844 1389 DESPENSER
1879 1347 2076 1390 dominus

123 1437 488 1480 GLAMORGANCIE
523 1439 565 1480 et
601 1436 878 1479 MORGANCIE
918 1437 972 1480 de
1013 1437 1156 1493 gracia
1196 1439 1339 1480 nostra
1379 1437 1550 1494 speciali
1585 1441 1626 1480 et
1660 1453 1735 1493 per
1770 1437 1899 1480 finem
1932 1438 2077 1480 decem

123 1527 329 1571 librarum
359 1527 555 1570 dedimus
585 1530 629 1570 et
659 1527 938 1570 concessimus
967 1526 1252 1583 burgensibus
1280 1527 1435 1570 nostris
1455 1530 1497 1570 et
1524 1527 1768 1571 tenentibus
1787 1527 1902 1570 infra
1931 1527 2078 1570 villam

123 1622 310 1662 nostram
331 1619 384 1661 de
405 1618 575 1661 NEETH
597 1619 712 1674 quod
731 1617 813 1674 ipsi
835 1622 876 1661 et
906 1617 1080 1661 heredes
1110 1618 1175 1660 sui
1205 1618 1251 1660 in
1281 1621 1535 1674 perpetuum
1565 1618 1750 1661 habeant
1778 1618 1824 1661 in
1855 1618 2079 1662 dominicis

118 1709 253 1753 boscis
273 1710 428 1752 nostris
449 1709 711 1752 etheredum
731 1712 973 1752 nostrorum
994 1709 1108 1751 infra
1120 1724 1279 1765 aquam
1299 1709 1351 1753 de
1371 1709 1417 1752 N
1420 1724 1539 1752 EETH
1553 1712 1595 1752 et
1610 1709 1782 1751 DYLAIS
1796 1709 2068 1752 rationabilia

121 1800 326 1844 estoveria
347 1815 422 1857 pro
443 1799 699 1842 tenementis
723 1799 808 1842 suis
829 1799 874 1842 in
892 1799 1060 1842 NEETH
1077 1799 1274 1842 videlicet
1293 1798 1521 1842 housebote
1541 1798 1712 1842 haibote
1732 1802 1775 1842 et
1795 1798 1968 1842 firebote
1985 1799 2074 1842 sine

122 1895 242 1936 vasto
263 1895 306 1935 et
321 1891 607 1935 destructione
624 1891 820 1934 faciendo
833 1906 908 1947 per
926 1891 1060 1934 visum
1078 1894 1121 1933 et
1141 1891 1489 1934 deliberationem
1501 1890 1819 1933 forestariorum
1834 1893 2075 1934 nostrorum

120 1983 280 2027 ibidem
311 1986 352 2026 et
382 1983 588 2026 heredum
619 1985 874 2026 nostrorum.
937 1981 993 2024 In
1023 1981 1146 2038 cujus
1185 1981 1247 2024 rei
1287 1972 1579 2024 testimonium
1618 1979 1718 2024 huic
1747 1982 1932 2038 presenti
1961 1985 2074 2025 carte

120 2077 262 2118 nostre
283 2074 475 2132 sigillum
495 2073 745 2117 cancellarie
765 2076 910 2117 nostre
930 2074 983 2116 de
1004 2072 1250 2115 KARDIFFE
1268 2073 1552 2129 apposuimus,

175 2173 341 2216 Datum
361 2174 477 2230 apud
498 2172 743 2215 KARDIFFE
766 2174 947 2229 septimo
968 2173 1037 2214 die
1058 2171 1222 2228 Aprilis
1244 2186 1356 2215 anno
1376 2172 1500 2228 regni
1525 2171 1661 2229 Regis
1690 2171 1916 2214 EDWARDI
1950 2172 2067 2216 tertii

120 2267 215 2321 post
235 2268 512 2320 conquestum
533 2267 685 2320 quarto
708 2264 882 2307 decimo.
950 2263 1058 2320 [Ap.
1087 2262 1237 2319 1340]

181 2372 280 2428 (II.)
341 2371 552 2414 Dedimus
582 2374 727 2414 autem
755 2375 796 2413 et
825 2371 1104 2413 concessimus
1133 2369 1416 2427 burgensibus
1444 2370 1598 2412 nostris
1621 2385 1699 2427 pro
1723 2370 1845 2413 nobis
1875 2373 1917 2413 et
1946 2370 2063 2413 here-

116 2463 242 2507 dibus
261 2463 415 2506 nostris
437 2463 551 2518 quod
571 2462 653 2518 ipsi
673 2465 717 2505 et
737 2462 913 2504 heredes
934 2462 1000 2504 sui
1021 2462 1211 2504 decetero
1231 2460 1417 2504 habeant
1446 2475 1714 2504 communem
1742 2465 1959 2517 pasturam
1986 2475 2061 2517 pro

117 2554 370 2598 omnimodis
390 2553 542 2596 averiis
563 2553 649 2596 suis
669 2553 715 2596 in
740 2552 920 2596 brueriis
950 2552 1104 2595 nostris
1129 2552 1286 2595 vocatis
1316 2551 1485 2594 KEvssN
1513 2551 1683 2594 SAESON
1712 2551 2060 2596 WESTERMOORE

114 2649 157 2689 et
196 2646 362 2689 BRYNN
403 2645 543 2687 ADAM
585 2645 694 2687 sicut
728 2643 883 2687 habere
918 2643 1110 2686 solebant
1141 2646 1331 2699 tempore
1367 2645 1675 2686 antecessorum
1706 2657 1896 2685 meorum
1929 2645 2056 2698 prout

112 2736 256 2793 jacent
275 2750 350 2792 per
370 2735 567 2791 antiquas
583 2736 717 2777 metas
738 2737 780 2777 et
800 2733 968 2777 bundas
987 2737 1031 2776 et
1060 2734 1174 2789 quod
1202 2734 1346 2776 nullus
1378 2733 1571 2775 minister
1594 2733 1727 2775 nostri
1754 2733 1821 2775 vel
1848 2732 2052 2776 heredum

111 2830 351 2869 nostrorum
371 2825 506 2868 colore
527 2825 651 2867 officii
672 2839 746 2867 seu
766 2825 956 2867 decetero
978 2824 1117 2880 capiat
1138 2825 1191 2866 de
1212 2824 1412 2880 predictis
1438 2823 1718 2880 burgensibus
1752 2823 1879 2865 blada
1907 2838 2052 2866 carnes

109 2917 210 2960 vina
229 2920 305 2960 aut
325 2916 409 2959 alia
429 2916 631 2959 victualia
651 2915 766 2958 infra
787 2915 974 2971 burgum
995 2918 1190 2957 nostrum
1210 2914 1447 2970 predictum
1468 2929 1549 2969 que
1574 2917 1673 2956 sunt
1704 2915 1759 2955 ad
1780 2914 2050 2956 vendendum

112 3010 256 3050 contra
276 3021 422 3050 eorum
442 3007 708 3049 voluntatem
728 3006 811 3048 nisi
831 3006 886 3048 ad
907 3020 1012 3062 opus
1031 3009 1224 3048 nostrum
1244 3005 1311 3047 vel
1331 3004 1535 3047 heredum
1555 3007 1805 3047 nostrorum.
