2386 3645
225 308 335 351 1366

1039 544 1202 589 MLVI
1209 544 1229 586 Ι
1235 577 1244 587 .

165 657 582 700 OERTIFIOATE
632 655 719 700 BY
769 654 1019 698 ROBERT
1059 653 1143 696 DE
1194 653 1279 696 LA
1328 652 1518 703 MORE,
1568 649 2001 693 AROHDEAOON
2033 650 2112 693 OF

309 747 666 800 LLANDAFF,
707 745 880 789 THAT
921 745 1052 788 THE
1103 743 1370 786 GHUROH
1416 742 1494 784 OF
1542 740 1721 785 AVAN
1762 740 1888 783 HAS
1938 741 2110 784 BEEN

308 837 656 882 FORMALLY
703 834 1190 880 APPROPRIATED
1241 833 1317 876 ΤΟ
1367 831 1646 875 MARGAM
1688 831 1917 874 ABBEY.

775 945 945 1000 [HARL.
979 943 1210 995 CHARTER,
1243 943 1296 984 75
1328 941 1383 983 A.
1417 939 1509 996 33]
1670 941 1695 981 5
1725 939 1863 983 JUNE.
1929 941 2052 982 1385.

221 1055 447 1117 Universis
477 1055 630 1097 Sancte
659 1054 807 1097 matris
839 1053 1007 1096 ecclesie
1037 1052 1136 1093 filiis
1175 1052 1230 1092 ad
1270 1064 1451 1104 quorum
1492 1048 1694 1091 noticiam
1727 1050 1943 1104 presentes
1972 1048 2114 1092 littere

163 1147 433 1204 pervenerint
454 1147 693 1188 Rossssmns
714 1146 766 1187 de
786 1145 828 1186 la
847 1144 985 1186 Mon-E
1006 1142 1323 1185 archidiaconus
1350 1140 1668 1183 LANDAVENSIS
1699 1140 1881 1182 salutem
1901 1140 1948 1182 in
1970 1155 2018 1182 eo
2039 1140 2114 1196 qui

162 1242 226 1282 est
246 1239 436 1281 omnium
458 1253 556 1280 vera
577 1238 700 1279 salus.

220 1329 507 1372 Universitati
527 1331 662 1371 vestre
683 1331 832 1370 notum
862 1327 1042 1369 facimus
1071 1326 1184 1381 quod
1215 1340 1311 1367 cum
1340 1325 1596 1366 reverendus
1626 1324 1672 1365 in
1703 1322 1901 1365 OHRISTO
1931 1326 2052 1379 pater
2072 1326 2115 1366 et

163 1421 360 1464 dominus
402 1454 410 1462 .
454 1420 651 1462 dominus
686 1418 876 1461 THOMAs
925 1417 1010 1459 Dei
1054 1416 1194 1473 gratia
1236 1415 1560 1458 LANDAVENSIS
1617 1415 1836 1471 episcopus
1893 1414 2114 1457 ecclesiam

163 1512 448 1569 parochialem
496 1512 549 1553 de
598 1510 764 1553 AVENE
815 1508 1137 1551 LANDAVENSIS
1194 1508 1403 1549 dioceseos
1453 1522 1504 1548 ex
1560 1507 1695 1549 causis
1745 1507 1855 1549 veris
1904 1506 2118 1548 sufficien-

163 1604 278 1646 tibus
308 1607 350 1645 et
380 1602 604 1659 legittimis
633 1600 841 1657 religiosis
870 1599 971 1642 viris
1001 1598 1145 1641 abbati
1185 1601 1227 1640 et
1268 1597 1496 1640 conventui
1535 1597 1783 1640 monasterii
1817 1598 1869 1640 de
1911 1597 2114 1639 MORGAN

164 1695 324 1738 ordinis
365 1693 696 1737 CISTERCIENSIS
735 1691 1054 1734 LANDAVENs1s
1104 1690 1312 1732 dioceseos
1351 1692 1394 1731 et
1443 1704 1588 1731 eorum
1628 1689 1885 1731 monasterio
1926 1689 2116 1744 predicto

162 1785 414 1828 auctoritate
444 1784 673 1840 apostolica
703 1783 840 1825 eidem
868 1782 1039 1824 domino
1060 1782 1255 1837 episcopo
1284 1779 1581 1822 LANDAVENsi
1613 1795 1739 1836 super
1771 1779 1850 1822 hoc
1880 1779 2117 1835 specialiter

164 1877 385 1919 commissa
406 1877 569 1918 servato
589 1889 664 1930 per
683 1874 823 1930 ipsum
843 1887 1037 1929 processu
1058 1871 1200 1914 debito
1227 1871 1440 1927 legittimo
1461 1874 1504 1913 et
1524 1872 1576 1913 de
1605 1871 1702 1927 jure
1732 1870 1777 1912 in
1811 1870 1890 1913 hac
1920 1873 2040 1926 parte
2071 1870 2118 1912 in

164 1966 361 2010 omnibus
384 1966 586 2022 requisito
610 1996 618 2005 .
641 1965 797 2007 unierit
825 1963 1159 2020 appropriaverit
1188 1966 1231 2005 et
1260 1964 1306 2004 in
1336 1977 1482 2004 eorum
1512 1977 1612 2004 usus
1643 1962 1838 2017 proprios
1869 1962 2120 2004 concesserit

164 2062 369 2116 perpetuo
390 2058 685 2114 possidendam
707 2071 804 2099 cum
822 2055 989 2112 juribus
1010 2058 1053 2097 et
1072 2054 1341 2110 pertinentiis
1361 2053 1494 2109 ipsius
1519 2053 1727 2095 universis
1749 2086 1758 2095 .
1785 2054 1901 2095 salva
1922 2053 2118 2108 porcione

163 2150 359 2207 perpetui
398 2149 545 2192 vicarii
573 2148 620 2190 in
651 2148 764 2190 dicta
794 2148 965 2189 ecclesia
996 2145 1192 2188 servituri
1222 2160 1350 2201 quam
1380 2145 1520 2187 noluit
1550 2144 1627 2187 sub
1659 2145 2014 2200 appropriacione
2045 2159 2121 2187 sua

167 2241 416 2298 hujusmodi
437 2239 735 2295 comprehendi
755 2253 850 2280 eam
874 2238 1053 2280 deduxit
1082 2237 1318 2292 specialiter
1338 2239 1381 2279 et
1411 2250 1604 2291 expresse
1625 2235 1811 2276 adiciens
1834 2237 1888 2277 ad
1908 2235 1984 2277 hec
2006 2236 2119 2291 quod

169 2336 346 2376 vacante
391 2332 504 2374 dicta
548 2330 719 2374 ecclesia
760 2345 835 2385 per
873 2332 1053 2371 mortem
1093 2329 1321 2371 cessionem
1357 2327 1646 2369 dimissionem
1677 2327 1744 2369 vel
1783 2327 2120 2383 resignacionem

170 2425 342 2467 rectoris
362 2424 495 2480 ipsius
515 2427 617 2465 tunc
636 2421 921 2465 incumbentis
940 2420 1065 2463 liceat
1085 2419 1284 2476 predictis
1306 2418 1450 2461 abbati
1470 2421 1513 2461 et
1532 2419 1759 2460 conventui
1791 2433 1866 2474 per
1896 2433 1938 2461 se
1959 2418 2026 2460 vel
2047 2434 2122 2474 per

171 2518 484 2573 procuratorem
514 2515 702 2570 ipsorum
737 2513 791 2555 ad
823 2512 902 2554 hoc
931 2511 1141 2567 legittime
1177 2509 1455 2552 constitutum
1488 2509 1645 2550 dictam
1676 2509 1893 2551 ecclesiam
1922 2513 1963 2551 et
1991 2509 2124 2565 ipsius

172 2607 430 2663 corporalem
451 2604 751 2661 possessionem
771 2602 941 2660 ingredi
955 2601 1138 2644 nancissi
1158 2600 1244 2656 (sic)
1264 2602 1307 2642 et
1318 2599 1500 2642 retinere
1521 2615 1568 2642 ac
1583 2599 1748 2642 fructus
1764 2600 1896 2655 ipsius
1909 2602 2121 2656 percipere

171 2700 225 2742 de
258 2699 500 2753 eisdemque
531 2696 662 2738 libere
697 2695 918 2750 disponere
952 2693 1149 2749 porcione
1189 2691 1335 2734 vicarii
1368 2691 1420 2732 de
1461 2706 1544 2746 quo
1590 2690 1829 2747 [superiu]s
1869 2692 1918 2733 fit
1957 2692 2121 2734 mencio

171 2793 397 2833 dumtaxat
445 2790 617 2844 excepta
668 2789 795 2843 prout
838 2784 1104 2828 continencia
1151 2783 1363 2825 dictarum
1402 2782 1642 2825 litterarum
1681 2782 2006 2839 apostolicarum
2046 2783 2122 2825 hec

171 2881 413 2924 habuerunt
442 2883 485 2922 et
514 2879 675 2922 habent
714 2892 917 2933 expresse.
999 2875 1263 2930 Vacavitque
1302 2874 1473 2930 insuper
1506 2906 1690 2916 .....
1723 2873 1836 2915 dicta
1866 2874 2039 2916 ecclesia
2069 2875 2121 2916 de

172 2972 392 3030 A[vE]NE
413 2987 487 3028 per
517 2970 806 3013 dimissionem
835 2972 878 3011 et
907 2970 1184 3024 spontaneam
1214 2966 1551 3022 resignacionem
1582 2964 1810 3008 WALTERI
1840 2964 2124 3007 LOKYNGTON

174 3064 313 3107 clerici
333 3063 465 3119 ipsius
486 3061 654 3105 ecclesie
675 3060 846 3103 rectoris
866 3060 911 3101 in
932 3057 1129 3101 manibus
1148 3056 1368 3100 reverendi
1403 3055 1578 3113 [patris]
1614 3055 1776 3098 domini
1807 3055 2126 3098 LANDAVENSIS
