2386 3645
1969 267 2079 310 1373

252 471 418 514 Datum
448 472 564 528 apud
595 470 775 513 Corrm’
807 470 876 513 die
907 469 1062 512 Martis
1091 484 1204 513 nono
1225 471 1293 513 die
1313 470 1480 528 Aprilis
1507 486 1619 514 anno
1639 473 1762 529 regni
1785 473 1918 529 Regis
1939 473 2133 516 R1cARm

196 563 371 606 secundi
389 565 485 619 post
505 565 782 618 conquestum
801 561 1130 618 quintodecimo.

255 652 359 696 Two
379 652 559 696 circular
577 651 775 696 armorial
796 651 903 695 seals
923 651 969 694 in
988 652 1065 694 red
1084 665 1192 694 wax.

254 743 361 797 One,
383 759 409 787 a
429 743 611 788 chevron
632 743 823 787 between
846 742 966 785 three
990 746 1208 786 crescents.
1270 741 1363 786 The
1390 742 1511 786 other
1529 742 1603 786 the
1630 757 1757 795 same,
1777 743 1986 800 impaling
2006 758 2031 786 a
2050 744 2138 787 lion

200 839 411 892 rampant.

258 926 487 983 Legends:
521 928 568 968 ‘s
599 940 721 968 LAUR
754 959 762 968 .
798 960 806 968 .
842 959 850 968 .
884 940 920 967 11
951 940 1010 967 DE
1043 925 1289 968 BERCROLS.'

520 1020 530 1040 ‘
547 1018 569 1039 ³¹⁵
600 1016 793 1060 SIGILLU’
827 1031 1053 1059 ELISABET‚
1088 1016 1338 1058 BERcRons?

261 1107 354 1151 The
372 1122 500 1152 name
520 1108 566 1152 of
585 1108 659 1152 the
678 1108 782 1164 lady
802 1108 839 1151 is
858 1108 1092 1151 unknown.

1067 1494 1302 1539 MLXIII.

208 1604 382 1649 BULL
431 1604 510 1647 OF
560 1603 719 1647 POPE
769 1602 1088 1647 BONIFAOE
1130 1603 1216 1646 IX.
1259 1602 1336 1646 ΤΟ
1378 1602 1508 1646 THE
1549 1602 1757 1646 ABBOT
1798 1602 1876 1645 OF
1916 1602 2152 1655 NEATH,

355 1694 794 1739 EMPOWERING
844 1694 973 1738 HIM
1023 1694 1100 1738 TO
1151 1692 1706 1738 EXOOMMUNIGATE
1757 1692 1960 1737 THOSE
2005 1693 2155 1737 WHO

357 1786 496 1830 ΗΑΒ
537 1785 889 1829 DESPOILED
931 1786 1064 1829 THE
1104 1785 1321 1829 ABBEY
1362 1785 1441 1828 OF
1480 1784 1770 1828 MARGAM.

924 1893 1156 1952 [MARGAM
1197 1893 1454 1950 camma]

1385 2002 1440 2043 25
1477 2000 1599 2043 Mu.
1663 2000 1751 2042 5m
1785 2014 1916 2042 YEAR.
1980 2001 2103 2042 1394.

275 2112 553 2154 Bompums
584 2110 802 2168 episcopus
833 2125 978 2153 servus
1008 2125 1224 2154 servorum
1254 2110 1338 2154 Dei
1369 2110 1522 2152 dilecto
1555 2108 1642 2151 fflio
1673 2141 1683 2151 .
1708 2141 1717 2151 .
1747 2107 1892 2151 abbati
1920 2108 2163 2151 monasterii

220 2202 375 2246 Sancte
408 2201 569 2244 MARIE
605 2202 658 2244 de
690 2201 859 2245 NEETH
890 2200 1213 2244 LANDAVENSIS
1249 2200 1422 2244 diocesis
1452 2200 1633 2243 salutem
1663 2203 1705 2242 et
1737 2199 2009 2255 apostolicam
2038 2198 2163 2241 bene-

221 2293 463 2336 dictionem.

277 2383 583 2440 significarunt
615 2382 736 2426 nobis
766 2383 911 2426 dilecti
940 2383 1050 2426 filii.
1076 2416 1084 2425 .
1115 2382 1244 2426 abbas
1274 2386 1317 2425 et
1347 2383 1577 2425 conventus
1607 2380 1851 2424 monasterii
1880 2381 1932 2422 de
1962 2379 2162 2422 MARGAN

220 2475 552 2519 CISTERCIENSIS
573 2474 734 2517 ordinis
753 2473 1077 2517 LANDAVENSIS
1098 2474 1273 2518 diocesis
1296 2507 1304 2516 .
1328 2474 1442 2529 quod
1461 2472 1658 2515 nonnulli
1687 2471 1924 2527 iniquitatis
1954 2470 2032 2513 filii
2062 2484 2165 2526 quos

220 2581 390 2625 prorsus
419 2565 622 2622 ignorant
644 2598 653 2606 .
680 2565 865 2608 decimas
895 2565 1109 2621 primicias
1139 2568 1272 2608 terras
1302 2563 1493 2607 redditus
1522 2577 1669 2605 census
1698 2563 1840 2619 legata
1870 2562 2014 2604 domos
2044 2564 2166 2618 prata

221 2672 377 2716 pascua
406 2670 579 2699 nemora
608 2655 855 2699 molendina
885 2656 1003 2699 bladi
1033 2659 1076 2698 et
1103 2655 1193 2697 vini
1221 2654 1482 2711 quantitates
1510 2653 1792 2695 instrumenta
1820 2651 1988 2707 publica
2006 2651 2168 2693 litteras

224 2747 481 2792 auctenticas
511 2750 753 2790 sanctorum
782 2746 983 2803 reliquias
1006 2745 1136 2789 libros
1161 2749 1203 2788 et
1234 2747 1484 2788 ornamenta
1504 2742 1779 2786 ecclesiastica
1800 2756 1939 2784 cruces
1959 2744 2002 2784 et
2022 2741 2168 2784 calices

224 2854 326 2883 vasa
346 2853 473 2882 aurea
494 2841 537 2880 et
557 2841 760 2894 argentea
781 2838 1004 2879 domorum
1024 2836 1224 2880 utensih'a
1244 2850 1373 2891 equos
1405 2835 1530 2877 boves
1551 2847 1695 2876 vaccas
1717 2847 1814 2875 oves
1833 2846 1978 2888 porcos
1997 2831 2166 2887 pecuni-

227 2946 350 2975 arum
379 2943 566 2973 summas
595 2943 735 2972 servos
765 2928 982 2985 emptitios
1012 2931 1054 2971 et
1084 2927 1292 2970 nonnulla
1327 2926 1411 2968 alia
1445 2925 1559 2968 bona
1593 2925 1648 2966 ad
1679 2923 1839 2965 dictum
1870 2922 2171 2965 monasterium

228 3020 462 3079 spectantia
510 3022 668 3062 temere
709 3022 750 3061 et
791 3018 1003 3060 maliciose
1042 3017 1251 3060 occultare
1291 3019 1331 3058 et
1373 3015 1533 3058 occulte
1554 3014 1743 3057 detinere
1784 3016 2045 3069 presumunt,
2087 3027 2172 3056 non
